4658 6576
959 463 1178 519 ΕΡΙΤΟΜΑΕ

531 634 753 690 FELIOIANA
1379 635 1612 692 GONONIANA

241 748 360 823 centes,
370 743 444 828 quia
457 761 532 805 vero
549 741 581 804 in
593 748 730 805 mortem
742 741 914 827 presbiteri
927 743 1039 807 catho-

240 847 292 911 lici
308 846 440 910 Petrum
459 866 530 909 csse
546 847 693 911 mixtum.
738 845 828 910 Tunc
844 867 929 932 papa
946 846 1040 933 Sym-

239 951 353 1035 plicius
370 949 572 1014 dissimulans
586 969 759 1034 numquam
776 951 903 1035 scripsit
913 950 1040 1034 Acatio,

240 1053 298 1117 sed
323 1053 487 1118 damnavit
509 1053 618 1117 l’etro.

239 1172 303 1238 Hic
325 1173 402 1238 feeit
425 1174 645 1238 ordinationes
1094 1170 1157 1235 Ilic
1179 1171 1256 1236 feeit
1279 1170 1497 1234 ordinationes

239 1315 298 1380 per
320 1316 421 1359 mens.
444 1293 603 1361 Decemb.

241 1415 302 1497 Ill,
325 1415 433 1502 presb.
450 1415 572 1495 LVIII,
596 1413 677 1478 diac.
695 1414 760 1491 XI,
785 1416 957 1501 episcopos
981 1436 1041 1500 per
1065 1420 1068 1493 Ι
1092 1413 1159 1493 ΙΙΙ,
1196 1412 1302 1498 presb.
1331 1411 1458 1492 LVIII,
1503 1411 1584 1476 diac.
1611 1411 1677 1494 XI,
1722 1412 1892 1498 episcopos

244 1521 315 1584 loca
329 1518 501 1584 LXXXII.
547 1518 700 1604 Sepultus
716 1526 765 1583 est
778 1519 818 1583 ad
831 1519 928 1589 beato
942 1519 1040 1583 Petro
1091 1515 1265 1581 LXXXII.
1332 1515 1549 1602 Sepultusque
1566 1548 1570 1556 ·
1590 1521 1640 1580 est
1681 1514 1723 1579 ad
1759 1515 1892 1580 beatum

239 1622 287 1687 VI
324 1644 397 1687 nou.
428 1623 521 1688 Mart.
582 1622 625 1686 Et
659 1623 798 1686 cessavit
834 1624 1040 1707 episcopatus
1092 1620 1224 1684 Petrum
1238 1619 1286 1683 VI
1302 1639 1377 1688 nou.
1388 1620 1483 1686 Mart.
1523 1620 1670 1684 Oessavit
1685 1620 1891 1705 episcopatus

239 1726 309 1791 dies
325 1727 367 1792 V.
1093 1722 1162 1788 dies
1178 1724 1235 1788 VI.

283 1886 308 1928 r..
332 1862 445 1942 Furnx,
484 1863 614 1926 iratione
648 1861 828 1945 Romanus,
867 1884 909 1928 cx
945 1870 1038 1949 patre
1136 1881 1163 1926 a.
1186 1860 1297 1944 anrx,
1330 1862 1461 1925 natione
1497 1860 1678 1943 Romanus,
1717 1881 1759 1925 ex
1798 1866 1890 1946 patre

240 1967 350 2032 Felice
367 1966 561 2052 presbitero,
585 1965 669 2030 sedit
684 1988 756 2031 ann.
769 1967 850 2030 VIII
875 1988 976 2031 mens.
989 1966 1040 2030 XI
1064 1982 1067 2035 ἐ
1093 1964 1202 2029 Felice
1225 1966 1422 2050 presbitero,
1445 1964 1530 2029 sedit
1552 1986 1603 2031 an.
1620 1964 1701 2028 VIII
1724 1984 1825 2029 mens.
1843 1963 1890 2028 XI

238 2070 308 2135 dies
330 2069 403 2135 XV.
1092 2065 1162 2132 dies
1186 2067 1294 2134 XVll.
1427 2068 1429 2073 ’

238 2190 344 2255 Huius
367 2191 590 2276 episcopatum
620 2191 736 2254 iterum
763 2191 852 2256 venit
879 2190 994 2254 relatio
1018 2211 1037 2254 a

237 2301 346 2380 patres
389 2292 599 2376 Greoiamm,
642 2293 775 2357 Petrum
814 2293 1036 2358 Alexandrino

237 2403 424 2462 revocatum
460 2396 501 2460 ad
535 2397 793 2461 communionem
831 2397 873 2461 ab
907 2397 1035 2463 Aeetia.

238 2501 329 2566 'Iunc
357 2500 552 2565 venerabilis
581 2520 668 2586 papa
694 2498 790 2564 Felix
818 2502 950 2566 mittens
979 2501 1037 2565 de·

238 2605 368 2669 sensere
392 2624 434 2669 ex
458 2604 631 2669 constituto
648 2603 762 2690 synodi
784 2603 870 2668 sedis
894 2625 983 2687 suae,
1007 2611 1040 2668 et

238 2706 405 2772 damnavit
433 2708 549 2772 Acatio
580 2729 652 2773 cum
680 2708 791 2773 Petro.
837 2709 917 2773 Post
938 2729 1039 2773 annos

237 2812 288 2875 111
313 2813 429 2876 iterum
453 2812 542 2875 venit
563 2814 678 2877 relati0
704 2812 745 2876 ab
765 2812 961 2898 imperatore
977 2812 1039 2876 Ze-

235 2937 364 2997 nonem,
389 2920 425 2979 ut
440 2915 608 3001 paenitens
624 2915 746 2979 rediret
760 2915 903 2981 Acatius.
949 2916 1040 2980 'Iunc

238 3039 327 3106 papa
348 3018 445 3083 Felix
468 3018 546 3082 feeit
568 3019 757 3103 concilium,
782 3040 824 3083 ex
847 3039 1038 3084 consensum

238 3123 326 3186 misit
348 3121 428 3187 duos
453 3121 623 3207 episcopos
645 3122 814 3187 Mesenum
837 3128 871 3187 et
886 3122 1038 3199 Vitalem,

238 3231 284 3307 ut,
309 3226 335 3290 si
356 3224 538 3290 invenirent
560 3227 740 3311 conplicem
763 3226 854 3291 Petri
877 3226 1039 3304 Acatium,
1065 3212 1068 3275 I

238 3327 355 3393 iterum
379 3327 584 3403 damnarent;
613 3330 640 3393 si
664 3350 744 3410 non,
769 3329 924 3394 offerrent
944 3328 1038 3393 libel-

238 3432 305 3495 lum
328 3433 561 3519 paenitentiae.
616 3432 679 3506 Qui
702 3433 777 3497 dum
799 3433 986 3498 introissent
1007 3431 1040 3495 in

240 3535 403 3600 civitatem
440 3534 769 3621 Constantinopolim,
802 3535 944 3623 corrupti
979 3555 1036 3621 pe·
1064 3584 1067 3599 .

239 3638 353 3703 cuniae
370 3637 481 3703 datum
505 3639 693 3724 supradicti
710 3641 854 3726 episcopi
869 3661 933 3704 non
951 3640 1038 3703 lece·

238 3747 313 3806 runt
329 3742 504 3807 secundum
521 3749 710 3829 preceptum
727 3742 813 3808 sedis
829 3744 1038 3828 apostoIIcac.
1064 3734 1067 3765 '

238 3846 417 3911 Venientes
439 3866 516 3935 uero
533 3846 671 3910 Romam
695 3845 866 3911 adsedem
883 3848 1037 3933 apostoli·
1064 3822 1067 3891 l

238 3968 324 4029 cam,
356 3950 433 4013 fecit
464 3970 550 4036 papa
572 3949 668 4014 Felix
691 3951 873 4026 concilium;
902 3957 937 4015 et
959 3971 1038 4016 oxa·
1064 3932 1066 4007 l

237 4052 415 4116 miuatione
455 4053 541 4117 facta
578 4055 610 4118 in
649 4055 782 4119 concilio
822 4056 944 4120 invenit
982 4042 1066 4118 eos*

239 4174 314 4217 reos
338 4160 372 4218 et
395 4156 490 4219 eiecit
505 4155 673 4222 lllescnum
698 4165 730 4222 et
745 4157 888 4222 Vitalem
912 4158 1037 4244 episoo-
1063 4092 1066 4219 Ι

240 4277 299 4341 ρον
323 4278 342 4321 a
365 4260 634 4325 communionem.
678 4261 770 4326 'Func
792 4262 944 4327 Mosenus
968 4262 1036 4347 cpi·
1063 4260 1067 4343 Ι

237 4380 352 4446 scopus
368 4382 432 4425 non
450 4382 485 4427 se
500 4365 598 4429 tacuit
610 4372 794 4452 corruptum
808 4386 867 4451 ρον
882 4366 1038 4451 pecunio;
1064 4350 1066 4391 ²

238 4464 288 4527 cui
300 4466 452 4529 concilius
467 4488 654 4533 concessum
666 4470 1037 4556 tempuspacnitentiae.
1063 4462 1066 4537 l

237 4566 310 4632 Hoc
326 4589 403 4632 vcro
426 4569 511 4636 facto
534 4573 734 4659 temporibus
752 4572 917 4658 Odovagri
941 4574 1037 4658 rogis.
1063 4542 1066 4677 Ι

235 4687 299 4753 ΙΙίο
323 4689 399 4754 lecit
421 4689 639 4758 ordinationes
667 4692 703 4757 II
1063 4688 1066 4699 ¹
1092 4701 1155 4767 llic
1178 4701 1255 4767 lecit
1277 4702 1494 4768 ordinationes
1517 4702 1560 4785 ΙΙ,

237 4830 296 4894 ρον
319 4831 421 4875 mens.
444 4810 614 4887 Decemb.,

236 4930 345 5015 presb.
362 4929 520 5013 XXVIII,
545 4931 625 4997 diac.
641 4932 682 5016 V,
705 4934 876 5019 episcopos
892 4954 950 5019 per
965 4934 1037 4998 loca
1063 4860 1066 5017 Ι
1091 4942 1198 5028 presb,
1214 4940 1374 5024 XXVIII,
1407 4940 1488 5008 diac.
1503 4942 1544 5024 V,
1569 4944 1739 5030 episcopos
1762 4944 1889 5011 XXXI.

237 5033 363 5097 XXXI.
415 5032 567 5119 Sepultus
597 5043 647 5101 est
680 5036 767 5121 apud
795 5036 894 5100 beato
925 5036 1036 5102 Paulo.
1091 5045 1310 5133 sepultusque
1354 5052 1405 5111 est
1446 5044 1533 5131 apud
1571 5044 1702 5111 beatum
1741 5047 1889 5115 Paulum.

237 5135 386 5201 Oessasit
409 5139 614 5225 episcopatus
637 5140 707 5204 dies
723 5141 763 5205 V.
1091 5147 1240 5214 Oessavit
1262 5150 1469 5236 episcopatus
1491 5147 1561 5214 dies
1576 5148 1617 5216 V.

280 5294 319 5340 ur.
343 5273 505 5355 Gsmsrvs,
528 5277 658 5340 natione
680 5275 772 5358 Afer,
796 5299 838 5342 ex
862 5285 953 5362 patre
970 5278 1036 5343 Va·
1062 5288 1065 5339 I
1134 5306 1173 5353 nr.
1197 5285 1361 5369 Gaurana,
1383 5286 1513 5350 natione
1532 5284 1622 5367 Afer,
1645 5306 1689 5350 ex
1712 5294 1806 5373 patre
1821 5287 1889 5352 Va·

236 5376 326 5451 lerio,
351 5376 435 5442 sedit
457 5399 530 5446 ann.
543 5378 617 5444 IIII
640 5401 741 5444 meus.
754 5380 836 5446 VIII
1062 5436 1065 5505 Ι
1091 5390 1182 5471 lario,
1205 5388 1289 5454 sedit
1311 5409 1362 5454 an.
1379 5388 1448 5453 ΙΙΙΙ
1470 5409 1572 5454 mens.
1591 5389 1683 5455 VIII.

237 5496 306 5562 dies
322 5498 415 5565 VIII.
1062 5508 1065 5557 l

235 5617 311 5683 Fuit
327 5619 526 5705 temporibus
542 5619 735 5685 Theoderici
749 5623 835 5708 regis
849 5631 882 5688 et
898 5623 1036 5689 Zenonis
1061 5672 1064 5701 ,
1093 5627 1165 5692 Fuit
1187 5634 1296 5693 autem
1312 5631 1512 5716 temporibus
1535 5631 1620 5715 regis
1640 5630 1835 5698 Theoderici
1857 5641 1892 5699 et

235 5723 321 5809 Aug.
1060 5710 1065 5802 Ι
1089 5731 1227 5796 Zenorns
1249 5730 1335 5818 Aug.
