4658 6576
1049 445 1332 503 PROLMGOMEMA.

510 626 549 692 cl.
572 624 624 690 ΙΠ
647 623 793 689 codicum
816 624 1015 690 Pontificalis
1038 624 1146 710 (E⁰O⁸
1170 630 1204 691 11
1225 644 1245 688 1
1267 623 1371 710 primu
1393 623 1550 709 scriptura
1565 621 1626 704 E1)
1649 622 1682 686 in
1703 622 1815 708 spatiis
1834 625 1861 686 1.
1880 623 1910 684 2.
1927 622 2023 686 5-8.

577 732 711 793 10-12.
738 730 873 795 17-25.
897 731 1036 797 28-30.
1060 733 1101 795 33
1130 748 1282 796 numeros
1308 726 1499 792 Liberiauos
1530 727 1583 793 111
1617 731 1704 791 certe
1739 725 1877 810 uestigia
1911 745 2022 789 eorum

573 832 723 899 servavit.

511 936 548 1001 F
571 937 676 1022 spatia
691 935 867 1001 Liberiaua
882 942 972 1001 certa
987 936 1041 1016 (11.
1052 935 1109 1021 21)
1124 935 1305 1000 nonhabet
1321 936 1468 1022 exceptis
1484 934 1609 1000 duobus
1625 935 1785 1021 episcopis
1800 935 1959 1000 Anacleto
1974 936 2022 1022 (5)

572 1041 604 1105 in
633 1039 745 1104 Indice
775 1039 894 1103 omisso
927 1045 961 1104 et
986 1038 1135 1104 Miltiade
1159 1038 1243 1125 (33),
1279 1040 1330 1104 cui
1360 1038 1448 1124 quod
1480 1038 1599 1103 Indicis
1634 1039 1836 1126 exemplaria
1867 1039 2023 1126 pleraque

572 1144 716 1208 tribuunt
740 1143 880 1228 spatium
902 1142 1022 1207 nudum
1045 1164 1074 1210 a.
1091 1142 1172 1227 IIII,
1194 1142 1269 1207 huic
1293 1143 1499 1229 epitomatori
1522 1142 1652 1207 videtur
1674 1143 1885 1229 displicuisse.

512 1249 552 1312 cl.
574 1247 591 1312 I
615 1253 649 1312 et
671 1247 705 1311 ΙΙ
728 1247 875 1311 codicum
891 1246 1089 1312 Pontificalis
1112 1247 1259 1312 similiter
1280 1267 1301 1311 a
1322 1247 1465 1311 numeris
1480 1246 1663 1312 Liberianis
1686 1248 1852 1313 abstinent
1874 1249 2023 1336 exceptis

574 1350 701 1416 duobus
725 1352 885 1439 episcopis
902 1350 1057 1416 Marcello
1073 1349 1145 1437 (31)
1167 1351 1201 1414 in
1216 1349 1329 1415 Indice
1353 1352 1471 1415 omisso
1495 1356 1529 1415 et
1550 1350 1753 1437 aliquatenus
1769 1351 1917 1417 Miltiade
1934 1350 2024 1438 (33);

575 1456 697 1520 scilicet
725 1456 758 1519 11
788 1454 851 1519 hoc
883 1454 922 1519 cl.
943 1454 960 1520 Ι
982 1461 1018 1518 11
1045 1454 1188 1540 epitome
1210 1453 1246 1518 F
1268 1447 1391 1519 retinet
1417 1455 1557 1540 spatium
1579 1453 1802 1538 Liberianum,
1832 1455 1871 1521 cl.
1889 1454 1925 1520 II
1947 1455 2024 1520 facit

575 1579 648 1623 cum
671 1557 794 1624 Indice.

470 1679 617 1744 Iudicem
641 1699 660 1744 c
683 1680 844 1745 contrario
867 1678 1066 1745 Pontificalis
1089 1679 1233 1765 sequitur
1254 1678 1287 1742 in
1310 1677 1375 1743 his:

477 1789 503 1850 1.
532 1782 572 1847 11
594 1782 689 1849 Oleto
722 1790 756 1848 et
778 1781 949 1848 Clemente
973 1781 1174 1865 ordinandis,
1204 1787 1240 1846 ut
1267 1802 1365 1868 supra
1391 1779 1546 1864 vidimus,
1574 1782 1648 1847 libri
1671 1783 1870 1848 Pontificalis
1901 1783 2023 1870 primus

366 1893 482 1952 auctor
502 1886 649 1952 Iudicem
672 1892 802 1951 secutus
826 1893 885 1969 est,
908 1907 1015 1974 neque
1039 1886 1073 1951 id
1094 1893 1301 1951 mutaverunt
1323 1886 1377 1972 qui
1401 1906 1475 1950 sum
1498 1893 1614 1973 postea
1636 1892 1879 1953 recensuerunt.

472 1995 502 2056 2.
527 1991 621 2056 Pium
645 1997 678 2056 ot
701 1992 875 2057 Anicetum
899 1998 998 2057 antea
1018 1992 1147 2057 inverso
1171 1990 1283 2055 ordine
1313 1990 1436 2077 positos
1462 1989 1504 2055 ad
1527 1990 1670 2057 Indiccm
1695 1990 1853 2056 ordinavit
1876 1992 2023 2056 recensio

370 2116 421 2178 ea,
444 2116 464 2159 a
486 2116 550 2181 qua
573 2094 719 2182 pendent
741 2096 814 2160 libri
838 2096 877 2160 cl.
901 2095 991 2161 111.

471 2201 501 2266 3.
524 2198 620 2263 Felix
635 2198 668 2262 Il
686 2200 757 2284 (38)
774 2219 817 2263 ex
832 2198 943 2263 Indice
959 2199 992 2263 in
1013 2199 1130 2263 librum
1146 2197 1372 2264 Pontificalem
1395 2199 1437 2263 ab
1456 2199 1527 2283 ipso
1552 2197 1620 2261 eius
1643 2204 1774 2263 auctore
1795 2198 1899 2284 primo
1919 2205 2023 2264 trans·

367 2302 451 2366 latus
482 2308 546 2384 est,
576 2322 649 2366 cum
679 2302 880 2388 exemplaria
907 2302 1015 2366 omnia
1042 2307 1109 2366 tam
1139 2302 1317 2387 epitomata
1340 2321 1436 2387 quam
1458 2301 1557 2388 plena
1579 2321 1652 2365 eum
1675 2300 1830 2367 habeant.
1877 2301 2024 2389 Spatium

370 2407 522 2493 exempla
551 2404 670 2470 Indicis
701 2407 852 2471 omittunt
880 2413 970 2471 recte
999 2408 1146 2489 omnino,
1176 2407 1343 2492 quoniam,
1375 2412 1411 2471 ut
1436 2407 1507 2492 ipse
1537 2406 1621 2470 liber
1647 2405 1844 2471 Pontificalis
1868 2406 1912 2493 (p.
1931 2409 1981 2488 79,
1997 2407 2024 2493 a)

367 2511 423 2593 ait,
446 2509 481 2574 id
502 2509 789 2597 comprehenditur
806 2510 911 2598 spatio
928 2510 1024 2575 simul
1039 2509 1182 2576 sedentis
1199 2509 1343 2596 episcopi
1359 2508 1490 2578 Liberii.
1538 2508 1606 2574 Sed
1627 2510 1658 2573 in
1674 2508 1858 2575 Pontificali
1880 2515 1916 2574 ut
1940 2531 2024 2597 quae

368 2613 410 2678 de
440 2612 530 2678 obitu
559 2615 628 2679 eius
657 2620 829 2680 narrantur
854 2616 995 2702 pessime
1025 2614 1155 2680 turbata
1184 2621 1257 2679 sunt
1287 2621 1321 2678 et
1343 2612 1582 2699 quodammodo
1614 2612 1790 2700 duplicata,
1818 2616 1864 2679 ita
1887 2616 2025 2702 spatium

369 2738 499 2804 111111
522 2719 553 2783 11
576 2719 778 2802 adscribitur,
802 2717 976 2784 nunidem
1000 2726 1109 2784 tamen
1131 2719 1164 2783 in
1187 2719 1276 2783 libris
1292 2717 1455 2795 omnibus;
1479 2718 1601 2783 scilicet
1624 2720 1765 2804 epitome
1782 2717 1971 2784 Cononiana
1993 2726 2027 2783 et

368 2821 441 2887 cl.I
471 2828 506 2887 et
530 2821 566 2887 II
592 2823 665 2887 libri
691 2822 890 2888 Pontificalis
925 2823 994 2888 fere
1032 2823 1268 2888 consentientia
1299 2823 1330 2887 ei
1359 2822 1503 2888 tribuunt
1532 2822 1602 2887 a.I
1631 2844 1673 2886 m.
1697 2821 1751 2888 III
1778 2821 1808 2886 d.
1832 2821 1882 2898 11;
1916 2823 1954 2889 cl.
1975 2822 2027 2888 111

369 2944 398 2989 a.
416 2924 433 2990 Ι
458 2946 500 2990 m.
516 2925 560 3009 11,
583 2925 750 2991 Feliciana
766 2927 908 3013 epitome
932 2947 961 2991 a.
978 2925 1040 3009 III,
1056 2946 1140 3012 quae
1165 2925 1389 2991 commenticia
1405 2945 1476 2990 esse
1492 2931 1630 3012 apparet
1646 2927 1753 2990 omnia
1776 2933 1810 2990 et
1832 2925 1962 2991 adiecta
1983 2925 2026 2990 ad

368 3029 493 3094 hiatum
515 3028 723 3115 explendum.
768 3029 895 3094 Primus
909 3028 1109 3094 Pontificalis
1132 3035 1244 3094 auctor
1265 3034 1373 3093 utrum
1388 3049 1541 3094 numeros
1557 3049 1614 3094 eos
1629 3031 1775 3116 posuerit
1798 3051 1880 3116 quos
1903 3030 2027 3095 habent

370 3133 444 3198 libri
459 3131 560 3197 ΚΑΒ
576 3152 698 3218 eosque
719 3132 752 3197 11
767 3131 836 3197 EF
854 3134 1054 3219 corruperint
1068 3131 1191 3197 librarii
1213 3152 1255 3196 an
1277 3132 1418 3219 spatium
1440 3132 1481 3197 ab
1504 3133 1575 3218 ipso
1598 3153 1663 3198 non
1685 3132 1847 3200 adiectum
1877 3134 2025 3201 diasceu-

372 3242 464 3302 astae
486 3238 684 3323 posteriores
708 3235 838 3302 diversa
859 3238 984 3303 ratione
1007 3237 1222 3324 expleverint
1246 3257 1312 3301 non
1334 3235 1462 3302 definio.

475 3347 506 3407 4.
529 3339 644 3427 Spatia
667 3341 709 3405 ad
732 3340 877 3407 Iudicem
900 3343 1075 3407 constituta
1097 3341 1302 3428 reperiuntur
1323 3341 1421 3406 haec:

519 3444 560 3509 K
580 3445 613 3508 in
637 3444 1353 3532 1111111117.8.9.13.15.16.1921124.
1378 3449 1429 3510 25.
1453 3447 1505 3511 27.
1529 3447 1581 3511 28.
1605 3448 1656 3510 29.
1680 3448 1732 3512 32.
1756 3449 1808 3512 33.
1833 3449 1885 3512 34.
1910 3449 1961 3513 35.
1985 3449 2026 3511 33

578 3570 730 3614 numeros
752 3557 810 3616 aut
832 3570 945 3616 omnes
967 3556 1024 3616 aut
1046 3571 1090 3615 ex
1111 3556 1204 3637 parte
1228 3548 1270 3614 ad
1285 3549 1431 3615 Iudicem
1447 3548 1592 3631 exhibet,
1615 3547 1674 3614 ssd
1696 3550 1752 3632 ita,
1775 3557 1812 3615 ut
1833 3551 1889 3618 ubi
1912 3572 2024 3618 exem-

579 3655 684 3741 plaria
695 3654 833 3737 1111111,
849 3662 1003 3740 sequatur
1015 3653 1084 3719 1111
1101 3653 1257 3719 familiam
1269 3655 1484 3739 antiquiorem
1500 3657 1534 3717 ct
1549 3653 1739 3739 plerumque
1755 3655 1918 3740 puriorem
1935 3657 1981 3743 (n.
1997 3660 2025 3719 7.

583 3760 696 3825 13.15.
714 3761 763 3823 16.
779 3761 831 3824 24.
844 3760 909 3840 27).
933 3756 1136 3823 Contrarium
1153 3778 1226 3823 raro
1243 3758 1360 3841 evenit,
1376 3757 1460 3822 utin
1474 3755 1618 3820 Eusebio
1635 3757 1676 3841 (1.
1690 3757 1761 3842 32);
1778 3757 1836 3823 sed
1852 3780 1924 3824 cum
1937 3757 2026 3824 Indi·

581 3861 626 3926 cis
639 3864 841 3951 exemplaris
855 3865 976 3951 passim
993 3864 1173 3951 diuergant,
1190 3862 1405 3950 singularibus
1420 3864 1453 3927 11
1468 3862 1526 3927 tali
1541 3882 1576 3927 re
1589 3883 1654 3927 nou
1666 3868 1717 3927 est
1727 3862 2024 3929 obsecundandum.

526 3964 562 4029 F
580 3972 614 4030 st
630 3966 668 4030 cl.
684 3966 710 4031 I.
728 3967 764 4032 11
778 3974 815 4033 ut
829 3988 927 4055 supra
941 3967 1079 4034 vidimus
1093 3969 1127 4033 in
1142 3969 1253 4055 spatiis
1268 3973 1454 4033 constanter
1469 3973 1646 4052 sequuntur
1667 3965 1810 4032 Iudicem
1833 3968 1935 4032 tribus
1958 3968 2028 4054 epi-

580 4071 686 4155 scopis
713 4073 861 4158 exceptis
884 4071 1045 4138 Anacleto
1069 4070 1121 4158 (5)
1153 4079 1186 4137 et
1212 4071 1367 4137 Marcello
1392 4070 1462 4156 (30)
1493 4076 1607 4156 utpote
1636 4071 1668 4134 in
1695 4068 1808 4135 Indice
1838 4072 1962 4136 omissis
1994 4077 2029 4134 et

582 4172 787 4259 aliquatenus
809 4175 956 4241 Miltiade
980 4175 1052 4262 (33)
1081 4183 1195 4263 utpote
1228 4178 1262 4241 in
1293 4176 1405 4242 Indice
1439 4194 1540 4240 anuos
1574 4174 1660 4239 solos
1695 4174 1847 4242 habente.
1903 4175 1942 4241 In
1978 4175 2029 4240 his

583 4283 742 4361 quatenus
764 4280 870 4365 spatia
891 4279 1068 4345 Liberiaua
1089 4281 1193 4345 secuti
1215 4281 1289 4362 sint,
1311 4299 1409 4366 supra
1431 4276 1669 4351 adnotavimus
1693 4285 1867 4363 praeterea
1887 4278 1922 4343 F
1941 4279 2028 4344 Mar·

582 4382 665 4445 cello
696 4384 808 4449 tribuit
837 4385 975 4471 spatium
1004 4390 1128 4450 temere
1157 4385 1392 4471 excogitatum,
1421 4381 1620 4448 Pontificalis
1646 4381 1724 4448 cl.I
1756 4388 1791 4447 et
1812 4382 1847 4447 11
1868 4383 2029 4451 Anacleto

582 4486 722 4571 spatium
747 4487 926 4553 decessoris
943 4487 1122 4554 Clementis
1137 4496 1263 4556 temere
1277 4489 1461 4576 repetitum
1499 4485 1658 4551 Adhibuit
1673 4491 1784 4552 autem
1799 4494 1868 4553 tam
1889 4491 2028 4576 scriptor

582 4588 655 4655 libri
678 4591 748 4657 eius
771 4614 791 4658 a
814 4613 877 4678 quo
900 4592 1024 4680 pendet
1039 4594 1182 4681 epitome
1197 4594 1233 4659 F
1251 4615 1348 4679 quam
1371 4592 1426 4678 qui
1445 4590 1572 4677 scripsit
1590 4590 1825 4678 exemplarium
1848 4592 1922 4661 cl.I
1945 4600 1979 4656 et
1995 4593 2030 4659 II

582 4694 806 4782 archetypum,
828 4705 865 4763 ut
887 4705 975 4764 11111
1000 4697 1185 4764 observavit
1199 4698 1404 4764 Duchesnius
1428 4698 1473 4782 (p.
1488 4693 1663 4781 LXXIX),
1685 4694 1804 4761 Indicis
1828 4697 2030 4784 exemplaria

582 4799 715 4864 minime
738 4799 851 4886 proba,
874 4801 999 4866 scilicet
1019 4801 1098 4866 talia
1121 4802 1200 4885 1111,
1224 4802 1332 4888 qualia
1354 4808 1428 4865 sunt
1443 4798 1622 4886 Albigense
1645 4798 1692 4885 (1.
1708 4800 1741 4884 7)
1766 4798 1964 4889 descriptum
1987 4823 2031 4867 cx

582 4903 694 4969 codice
710 4906 830 4992 scripto
846 4927 874 4972 a.
892 4909 954 4971 673
980 4912 1013 4972 11
1027 4906 1307 4994 Fredegarianum
1331 4905 1376 4990 (n.
1392 4905 1428 4992 8)
1450 4906 1529 4970 item
1544 4904 1666 4970 saeculi
1681 4903 1748 4970 VII
1771 4906 1922 4970 exeuntis
1939 4905 2030 4990 (vide

583 5026 667 5092 quae
690 5029 788 5095 supra
810 5008 949 5075 diximus
973 5009 1014 5076 de
1030 5010 1095 5097 K).
1145 5010 1227 5076 Inde
1255 5010 1461 5077 conlimatur
1489 5007 1577 5096 quod
1607 5028 1705 5095 supra
1736 5010 1901 5095 posuimus
1922 5032 2031 5097 11111

582 5109 782 5178 Pontificalis
806 5112 982 5179 editionem
1004 5115 1141 5181 alteram
1165 5116 1219 5198 (11.
1236 5137 1269 5202 p.
1284 5113 1399 5199 xm)
1428 5135 1536 5200 neque
1557 5113 1758 5178 Felicionem
1784 5115 1952 5199 epitomen
1975 5116 2031 5199 (11.

583 5236 615 5302 p.
631 5214 725 5296 XIV)
749 5237 789 5282 11
803 5224 900 5300 statu,
923 5239 988 5305 quo
1009 5239 1069 5284 nos
1092 5239 1165 5285 eam
1188 5218 1356 5300 habemus,
1379 5217 1537 5305 prodiisse
1560 5225 1637 5284 aute
1660 5217 1825 5282 saeculum
1846 5220 2031 5307 septimum.

583 5316 758 5406 Epitomen
791 5320 991 5387 Felicianam
1021 5323 1076 5408 qui
1100 5323 1147 5387 ita
1172 5322 1381 5409 interpolavit
1408 5323 1519 5408 quaeri
1550 5321 1684 5409 poterit,
1712 5328 1818 5386 utrum
1848 5321 2034 5389 adhibuerit

586 5420 706 5487 Indicis
724 5423 856 5510 aliquod
872 5426 1058 5512 exemplum
1074 5447 1115 5491 an
1131 5425 1283 5491 editionis
1297 5427 1495 5514 posterioris,
1513 5447 1609 5513 quam
1632 5427 1663 5491 ei
1685 5447 1749 5491 nou
1772 5427 1917 5513 ignotam
1932 5428 2032 5494 fuisse

586 5525 669 5591 11111
692 5526 883 5594 ridebimus.
930 5528 997 5595 Sed
1021 5531 1123 5616 magis
1147 5529 1292 5596 Iudicem
1315 5529 1508 5619 adsumpsit,
1531 5533 1620 5596 cuius
1641 5530 1808 5596 abundant
1830 5533 2033 5619 exemplaria

585 5631 726 5696 maxime
740 5630 993 5718 Fredegariana,
1018 5635 1169 5720 quoniam
1193 5634 1287 5698 altori
1309 5635 1452 5722 opinioni
1474 5635 1605 5701 obstant
1626 5655 1710 5721 1111
1727 5635 1825 5701 modo
1847 5637 2032 5703 rettulimus

585 5735 689 5821 spatia
712 5734 862 5801 Anacleti
885 5742 919 5800 11
941 5734 1120 5803 Marcellini
1142 5758 1163 5802 a
1184 5737 1274 5802 libris
1297 5738 1336 5803 cl.
1360 5737 1386 5803 1.
1411 5737 1445 5804 11
1468 5739 1667 5805 recedentia.
