4658 6576
1076 440 1290 499 Erinomae*

643 610 870 668 FELIOIANA
1490 614 1723 672 cononum

353 725 586 786 revocaverunt
607 719 773 785 Liberium
1205 727 1439 785 revocavemnt
1459 720 1626 786 Liberium

1204 840 1362 918 Romam;

354 956 394 1023 de
418 958 575 1023 cimiterio
599 964 730 1023 sanctae
745 957 852 1044 Agne,
872 957 928 1022 ubi
943 954 1097 1032 sedebst;
1121 962 1155 1021 et

356 1063 520 1147 ingressus
549 1060 655 1126 Roma
683 1061 716 1125 in
744 1061 815 1148 ipsa
841 1061 924 1126 hora
947 1060 1154 1126 Constantius

352 1181 622 1247 f005l00110ffi¹¹m
645 1203 717 1247 ⁰⁰1⁰
739 1183 900 1267 h⁰f⁰V⁰I⁸s
1204 1200 1355 1286 factoque
1378 1203 1513 1267 oonsilio
1537 1223 1609 1268 cum
1632 1202 1784 1267 hereticis

353 1303 449 1366 simul
471 1303 619 1368 Ursatius
642 1309 676 1367 et
690 1302 824 1385 Valens,
848 1310 881 1368 et

352 1425 448 1489 eiecit
469 1423 580 1489 Felice
604 1423 644 1489 de
669 1425 869 1510 episcopatu,
1204 1426 1369 1491 eiecerunt
1389 1426 1532 1491 Felicem
1558 1425 1599 1492 ds
1622 1426 1821 1514 episcopato.

351 1546 498 1631 quierat
529 1545 721 1627 catholicus,
746 1552 779 1609 et
812 1545 976 1610 revocavit
1006 1543 1148 1610 Liberio.

352 1648 405 1713 Ab
431 1647 548 1712 eodem
572 1647 624 1712 die
647 1648 708 1712 fuit
729 1649 911 1734 persecutio
934 1648 966 1712 in
983 1648 1080 1729 clero,
1105 1649 1150 1712 ita

350 1758 386 1816 ut
416 1752 500 1816 iutra
528 1751 666 1816 ecelesia
695 1752 867 1838 presbiteri
895 1757 928 1815 st
958 1752 1065 1816 clerici
1092 1772 1148 1816 ne-

350 1862 512 1940 garentur.
546 1855 608 1929 Qui
623 1855 788 1941 depositus
799 1855 895 1921 Felix
907 1855 948 1920 do
961 1855 1150 1941 episcopatu

350 1976 510 2041 habitavit
532 1977 564 2039 in
587 1975 732 2061 prediolo
757 1996 831 2055 suo,
861 1977 916 2040 ubi
939 1977 1098 2062 requievit
1119 1977 1151 2041 in
1206 1977 1374 2042 Habitavit
1394 1976 1427 2041 in
1449 1973 1596 2061 prediolo
1620 1996 1688 2057 suo,
1711 1976 1768 2041 ubi
1791 1982 1825 2042 et
1840 1978 2000 2063 requievit

349 2100 430 2165 paco
463 2078 515 2143 III
538 2079 582 2141 kl.
606 2078 690 2165 Aug.
741 2080 911 2163 Ingressus
940 2079 1091 2143 Liberius
1119 2080 1150 2143 in
1203 2082 1235 2144 in
1267 2101 1348 2165 paee
1373 2078 1440 2143 IIII
1463 2079 1494 2143 k.
1516 2077 1602 2163 Aug.
1657 2078 1826 2165 Ingressus
1853 2079 2002 2146 Liberius

348 2183 427 2247 urbe
457 2181 525 2246 IIII
556 2203 629 2246 non.
658 2182 743 2267 Aug.
772 2183 933 2246 consensit
961 2181 1149 2248 Constantio
1202 2184 1317 2247 urbem
1339 2182 1406 2248 IlII
1428 2202 1503 2247 non.
1528 2181 1612 2267 Aug.
1633 2183 1793 2246 consentit
1813 2182 2001 2249 Constantio

348 2287 506 2359 heretieo;
532 2306 596 2350 nou
620 2292 728 2351 tumen
750 2286 968 2372 rebaptizatus
1202 2286 1364 2362 heretieo;
1387 2306 1451 2351 nou
1473 2290 1583 2350 tamen
1605 2284 1826 2372 rebaptisatus
1841 2284 2000 2352 Liberius.

349 2414 410 2488 ost,
435 2405 494 2471 sed
517 2425 707 2472 consensum
730 2408 868 2493 prebuit.

1201 2510 1292 2575 'Iunc
1313 2510 1497 2598 persecutio
1519 2529 1639 2595 magna
1667 2510 1727 2574 luit
1753 2509 1787 2575 in
1808 2509 1932 2593 Roma,
1954 2512 2001 2577 ita

1200 2621 1236 2679 ut
1258 2615 1416 2680 catholice
1440 2614 1547 2678 clerici
1574 2614 1607 2677 in
1630 2613 1785 2678 ecelesias
1808 2615 1860 2679 vel
1882 2615 2001 2681 balnea

1199 2739 1265 2783 non
1279 2718 1439 2784 habereut
1453 2717 1628 2784 introitum.
1663 2715 1785 2783 Omnes
1799 2718 1910 2804 itaque
1925 2720 2000 2785 anni

1199 2822 1317 2887 Felicis
1340 2824 1372 2887 in
1394 2822 1489 2887 huius
1511 2820 1623 2886 ordine
1647 2819 1899 2889 dinumerantur.

345 2940 441 3006 Fecit
464 2942 682 3008 ordinationes
705 2941 749 3021 ll,
781 2941 889 3026 presb.
906 2938 1032 3021 XVIII,
1063 2937 1145 3003 diae.
1199 2942 1358 3029 Fecitque
1371 2941 1590 3008 ordinationes
1602 2941 1646 3024 II,
1656 2942 1765 3028 presb.
1777 2941 1905 3026 XVIII,
1918 2942 1999 3010 diac.

344 3043 387 3125 V,
411 3046 583 3131 episcopos
615 3067 673 3132 per
695 3046 768 3109 loca
781 3044 874 3109 VIII.
921 3043 1074 3128 Sepultus
1097 3049 1147 3107 est
1201 3046 1240 3128 V,
1264 3047 1435 3132 episcopos
1451 3044 1543 3111 VIII.
1591 3045 1654 3119 Qui
1674 3046 1773 3111 etiam
1788 3047 1933 3133 sepultus
1949 3055 2001 3113 est

345 3147 377 3209 in
400 3148 557 3213 cimiterio
581 3149 757 3229 Priscillae,
1198 3149 1230 3214 iu
1253 3150 1410 3215 cimiterio
1433 3149 1578 3215 Priscilla
1708 3180 1711 3185 ·

344 3267 398 3330 vis
420 3266 555 3351 Salaria,

344 3386 376 3450 V
398 3387 441 3454 id.
465 3388 554 3475 Sept.
600 3389 747 3454 Gessavit
775 3389 979 3475 episcopatus
1003 3387 1071 3452 dies
1087 3388 1144 3452 VI.
1197 3389 1228 3453 V
1250 3389 1293 3455 id.
1317 3390 1393 3477 Sep.
1446 3387 1595 3455 (lassavit
1624 3390 1830 3476 episcopatus
1854 3391 1924 3456 dies
1939 3391 1997 3458 VI.

388 3597 516 3641 xxxvnv.
539 3576 646 3661 Funvv,
662 3581 793 3644 ustione
805 3578 982 3659 Romanus,
994 3598 1036 3641 ex
1051 3583 1143 3663 patre
1240 3578 1508 3661 xxxvvvr.an1x,
1534 3579 1666 3643 ustione
1688 3578 1872 3662 Romanus,
1904 3586 1996 3665 patra

343 3679 529 3763 Anastasio,
554 3682 638 3747 sedit
1197 3682 1383 3765 Anastasio,
1406 3680 1492 3747 sedit

343 3813 417 3857 ann.
439 3793 501 3860 III.
1196 3795 1281 3861 sn.I
1302 3814 1404 3859 mens.
1421 3793 1472 3858 III
1495 3793 1565 3858 dies
1585 3794 1627 3859 Π.

343 3904 406 3969 Ilio
438 3904 615 3971 declaravit
645 3904 867 3972 Constantium
901 3906 1079 3971 hereticum
1110 3914 1143 3970 et
1195 3906 1259 3971 Hie
1289 3904 1466 3971 declaravit
1493 3905 1716 3972 Constantium
1749 3904 1928 3970 hereticum
1962 3910 1997 3969 et

343 4009 579 4095 rebaptizatum
592 4009 778 4075 seeundum.
801 4009 865 4074 Hie
880 4010 1032 4096 martyrio
1050 4030 1139 4075 eoro-
1195 4010 1440 4095 rebaptizatum.
1485 4009 1549 4075 Hic
1564 4009 1718 4095 martyrio
1735 4015 1921 4083 coronatum
1945 4009 1994 4073 fe-

343 4121 449 4179 natur.
494 4112 557 4177 Hic
579 4112 656 4177 feeit
679 4114 812 4178 basilica
834 4115 866 4177 in
890 4115 941 4178 via
965 4114 1109 4196 Aurelia,
1196 4114 1300 4200 aitque
1323 4113 1490 4178 basilicam
1514 4114 1565 4178 vis
1587 4111 1731 4191 Aurelia,

341 4233 478 4296 miliario
501 4234 543 4298 ab
566 4233 646 4298 urbe
669 4233 713 4315 II,

341 4353 397 4417 ubi
421 4360 455 4416 et
477 4355 646 4440 requievit.
690 4352 753 4419 Ilio
777 4355 853 4419 lecit
876 4346 1094 4420 ordinationes
1193 4356 1249 4420 ubi
1272 4362 1306 4419 et
1328 4355 1509 4442 requiescit.
1553 4352 1646 4417 Fecit
1669 4352 1903 4418 ordinationem
1929 4352 1953 4435 l,

341 4494 401 4560 per
425 4495 527 4538 mens.
551 4474 720 4557 Deeemh,

342 4595 452 4678 presb.
469 4594 568 4678 XXI,
602 4595 684 4661 diae.
700 4594 741 4676 V,
775 4594 944 4679 episcopos
979 4615 1037 4680 por
1070 4595 1141 4660 loca
1194 4596 1409 4684 prosb.XXl,
1433 4595 1515 4662 diac.
1532 4594 1573 4679 V,
1599 4595 1768 4683 episcopos
1790 4592 1916 4657 XVIII.

339 4696 483 4762 XVIIII.

341 4816 404 4890 Qui
442 4819 539 4883 etiam
579 4819 684 4905 capite
721 4825 887 4884 truncatur
924 4839 994 4883 oum
1032 4822 1141 4886 multis

340 4920 464 4985 clericis
495 4929 529 4986 et
562 4921 711 4987 fidelibus
740 4925 883 5005 occulte,
911 4924 1002 4987 iuxta
1031 4945 1140 4988 murus

338 5023 437 5106 urbis,
463 5024 611 5090 adlatus
634 5026 738 5090 forma
761 5024 906 5105 Traiani,
931 5025 982 5090 111
1004 5025 1046 5091 id.
1070 5026 1137 5093 No·

339 5128 445 5192 vemb.
501 5128 545 5192 Et
574 5128 692 5194 exinde
722 5136 897 5214 rapuerunt
927 5151 1043 5217 eorpus
1071 5133 1139 5197 eius

337 5236 432 5296 noete
456 5232 619 5297 christiani
642 5254 714 5297 oum
737 5231 880 5297 Damaso
903 5235 1084 5319 presbitero

338 5358 372 5416 et
394 5354 594 5439 sepelierunt
1191 5352 1409 5440 Sepultusqus
1433 5361 1483 5418 est

337 5473 369 5537 in
393 5473 526 5540 basilios
548 5495 645 5560 supra
668 5473 756 5539 dieta

335 5592 436 5659 XVII
466 5594 512 5662 lul.
540 5594 699 5662 Deccmb.
755 5593 905 5661 (lassavit
930 5596 1138 5685 episcopatus
1191 5572 1291 5661 XVII
1324 5595 1355 5659 k.
1391 5593 1550 5660 Decemb.
1606 5591 1755 5658 cessavit
1786 5594 1991 5681 episcopatus

335 5696 406 5764 dies
427 5697 622 5767 XXXVIII.
1190 5696 1260 5765 dies
1280 5694 1474 5765 XXXVIII.

439 5824 740 5867 mmmmm
1753 5808 1790 5862 ³2
