4658 6576
1016 432 1301 490 PROLEGOMENA.
1929 434 1992 490 hlll

437 603 508 669 Iam
539 606 706 671 rideamus
739 608 879 695 primum
914 610 945 674 in
974 609 1086 675 ordine
1124 609 1300 694 spatiisque
1330 608 1575 695 episcopatuum
1605 630 1766 696 quaenam
1792 609 1992 676 Pontificalis

331 709 435 773 nostri
457 709 532 775 libri
554 712 663 796 scripti
685 710 830 778 habeant
851 720 981 800 sumpta
1004 735 1047 778 ex
1069 714 1226 779 laterculo
1249 712 1434 778 Liberianc.
1472 712 1584 779 Habet
1606 715 1753 800 quaestio
1776 715 1869 795 haec,
1894 735 1992 801 quam

333 833 394 897 per
418 814 561 900 singulos
584 815 713 882 codices
736 816 897 904 dispertiri
919 819 1094 901 noluimus,
1124 819 1295 883 utilitatem
1317 839 1383 883 non
1411 819 1563 903 exiguam
1587 841 1660 885 cum
1682 821 1715 884 in
1737 822 1918 886 universam
1947 819 1990 884 ad

333 917 449 984 horum
473 925 656 1007 temporum
680 923 922 1009 chronologiam
946 929 1013 987 turn
1037 923 1227 1009 praesertim
1250 922 1293 988 ad
1316 924 1410 988 crisin
1434 923 1507 988 libri
1531 925 1599 989 eius
1623 944 1721 1011 quern
1744 924 1878 990 edimus.

444 1037 471 1096 1.
497 1032 537 1097 ln
559 1034 756 1100 collocandis
778 1035 873 1101 Cleto
897 1042 932 1101 et
954 1035 1123 1102 Clemente
1151 1036 1237 1122 apud
1261 1037 1485 1102 pontificalem
1514 1038 1638 1102 nullum
1667 1037 1819 1104 indicium
1842 1046 1992 1105 remanet

337 1134 458 1200 ordinis
481 1136 648 1204 Liberiani
669 1139 861 1226 videturque
893 1139 934 1206 ab
959 1140 1095 1206 exordio
1123 1147 1236 1205 auctor
1266 1142 1335 1205 eius
1364 1141 1397 1205 in
1420 1160 1461 1205 ea
1482 1161 1518 1206 re
1541 1141 1645 1206 Indici
1665 1141 1839 1208 obsecutus
1862 1143 1990 1209 Cletum

334 1247 411 1304 ante
440 1241 643 1308 Clementem
674 1245 894 1310 collocavisse.
945 1243 1000 1309 Ad
1033 1243 1253 1310 diversitatem
1281 1265 1354 1309 eam
1388 1244 1520 1329 respicit
1552 1245 1643 1310 locus
1665 1268 1697 1333 p.
1716 1250 1745 1327 7,
1763 1272 1802 1329 ro,
1832 1267 1928 1333 quern
1958 1249 1991 1313 in

338 1345 488 1431 epitomis
509 1367 577 1412 non
599 1353 765 1434 repertum
787 1349 814 1413 si
836 1347 962 1413 eddidit
977 1355 1090 1414 auctor
1105 1349 1276 1430 secundus,
1300 1369 1340 1413 ec
1357 1348 1547 1413 confirmare
1563 1351 1666 1414 voluit
1680 1349 1826 1415 ordinem
1850 1372 1870 1415 a
1885 1353 1990 1438 primo

336 1455 468 1515 auctore
491 1452 689 1537 praelatum:
712 1452 782 1517 ideo
796 1458 929 1533 propter
948 1453 1055 1517 Linus
1076 1457 1105 1517 et
1125 1452 1236 1518 Clctus
1257 1457 1332 1517 acte
1353 1473 1425 1516 cunr
1440 1452 1675 1534 (Clementem)
1692 1455 1936 1520 commitentur
1956 1477 1991 1521 ec

335 1554 422 1635 quod
436 1554 477 1619 ab
499 1556 568 1636 1000
583 1557 733 1637 principe
755 1556 966 1636 apostolorum
988 1556 1033 1620 ud
1053 1557 1268 1621 ministerium
1290 1555 1513 1620 sacerdotalem
1529 1556 1736 1621 exhibendum
1757 1564 1835 1622 suat
1856 1560 1994 1641 00100001

335 1659 488 1727 ordinet-i.
539 1658 606 1725 Sed
633 1667 744 1725 tamen
772 1660 996 1725 Pontifioalem
1031 1662 1085 1746 qui
1119 1661 1245 1747 scripsit
1279 1659 1421 1745 catalogi
1453 1660 1620 1726 Liboniani
1656 1661 1891 1727 ordinationem
1925 1670 1992 1729 tam

337 1763 486 1849 1111001110
509 1765 657 1847 invertit,
688 1769 724 1829 ut
747 1765 931 1830 consulatus
958 1766 1115 1830 retineret
1142 1786 1206 1830 non
1234 1771 1376 1830 mutatos
1406 1766 1517 1852 itaque
1549 1765 1637 1853 apud
1666 1773 1839 1852 cumpost
1862 1765 1990 1833 Cletum

338 1868 528 1955 episcopum
551 1867 720 1956 adscriptis
742 1869 833 1934 aunis
850 1871 976 1934 71-83
999 1869 1111 1934 veniat
1127 1869 1279 1934 Clemens
1302 1869 1473 1955 episcopus
1499 1868 1669 1956 adscriptis
1693 1869 1784 1933 annis
1807 1873 1946 1938 68-79,

440 1983 470 2046 ’1.
493 1979 687 2045 Anacletum
709 1979 742 2045 in
764 1979 876 2045 Indice
899 1985 988 2046 recte
1012 1980 1165 2045 omissum
1188 2001 1261 2045 cum
1283 1980 1458 2044 Liboniano
1488 1986 1600 2047 auctor
1626 1981 1824 2047 Pontificalis
1848 1983 1989 2066 retinuit,

339 2104 445 2171 neque
469 2084 503 2149 id
524 2090 729 2149 mutarerunt
750 2086 960 2171 posteriores.

441 2201 470 2262 3.
498 2196 526 2262 Ε
550 2198 709 2263 contrario
731 2199 765 2262 in
787 2197 846 2262 Pio
876 2204 910 2262 et
932 2198 1071 2262 Anicetc
1104 2197 1263 2262 ordinatio
1290 2198 1418 2263 inversa
1446 2195 1565 2283 falsa1)
1597 2218 1639 2263 ex
1661 2198 1835 2265 Liberiano
1866 2201 1992 2266 transiit

333 2301 367 2366 in
389 2302 585 2367 recensionis
607 2302 721 2389 prioris
737 2302 902 2388 epitomen
917 2308 1086 2387 utramque
1102 2301 1199 2386 (ΕΚ)
1214 2303 1358 2389 itemque
1381 2303 1414 2366 in
1429 2303 1626 2368 recensionis
1649 2304 1838 2389 posterioris
1862 2304 1991 2370 codices

338 2405 380 2473 0³
404 2413 438 2471 et
461 2408 573 2472 classis
596 2409 712 2472 tertiae
735 2427 865 2487 omnes,
888 2405 921 2470 in
943 2405 993 2470 his
1015 2407 1047 2470 in
1071 2411 1227 2492 excerpta
1255 2407 1478 2492 antiquissima
1499 2405 1705 2488 Mutinensia,
1732 2409 1919 2494 pariterque
1942 2416 1992 2474 est

336 2510 369 2574 iu
394 2511 545 2596 catalogo
576 2531 732 2597 paparum
756 2509 920 2576 codicibus
943 2510 1045 2574 tribus
1067 2510 1178 2575 classis
1201 2510 1363 2576 secundae
1383 2510 1488 2575 Β1113
1510 2511 1688 2597 praemisso
1712 2517 1824 2576 contra
1846 2512 1992 2578 ordinem

339 2613 371 2677 in
395 2613 473 2700 ipsis
496 2614 713 2680 observatum.

441 2732 471 2791 1.
493 2725 575 2791 Post
590 2726 812 2791 Marcellinum
828 2727 1017 2813 episcopum
1032 2725 1222 2792 Marcellum
1239 2727 1350 2791 inserit
1367 2727 1535 2811 catalogus
1546 2723 1748 2809 Iriberianus¹
1765 2748 1829 2793 non
1845 2729 1992 2814 agnoscit

339 2828 483 2917 Index²)
507 2837 595 2896 recte
619 2831 764 2911 omnino,
796 2852 992 2917 quemquam
1015 2831 1075 2896 riri
1104 2831 1191 2897 docti
1214 2851 1326 2896 omnes
1350 2831 1472 2916 opinor,
1501 2830 1534 2895 in
1556 2829 1606 2894 his
1628 2829 1763 2894 Rossius
1786 2837 1820 2896 et
1841 2830 1990 2896 Duchcs·

338 2935 426 3017 nius,
460 2934 550 2999 illurn
580 2934 684 3000 secuti
713 2940 795 2999 sunt.
839 2933 924 3000 Nam
954 2935 1093 3021 primurn
1126 2936 1205 3001 facit
1238 2956 1310 3000 cum
1340 2934 1452 3001 Indice
1482 2935 1658 3000 laterculus
1687 2935 1825 2999 insertus
1854 2936 1991 3001 chrono-

337 3036 494 3124 graphiae
518 3058 547 3102 a.
564 3042 625 3104 351
649 3038 886 3125 depositionum
911 3039 1138 3126 cpiscoporum
1161 3039 1381 3104 Romanorum
1405 3039 1570 3104 ordinatus
1593 3060 1622 3104 a.
1640 3042 1702 3104 336
1727 3039 1853 3124 (chron.
1878 3039 1953 3103 min.
1974 3043 1987 3103 1

337 3162 369 3227 p.
387 3142 440 3223 711)
463 3142 578 3229 plenus
600 3140 675 3206 inde
700 3163 719 3206 a
741 3141 842 3207 Lucio
866 3143 902 3227 (†
925 3164 953 3208 a.
972 3147 1049 3213 254:
1083 3141 1206 3229 Xystus
1222 3143 1265 3209 II.
1297 3143 1424 3208 transiit
1444 3144 1478 3207 in
1500 3143 1614 3208 feriale
1638 3143 1797 3208 ecclesiae
1820 3141 1991 3207 Romanae

336 3244 492 3311 laterculo
524 3245 740 3330 subiunctum)
771 3267 835 3311 non
866 3246 992 3311 habens
1023 3246 1224 3313 Marcellum.
1277 3247 1362 3311 Item
1391 3245 1610 3331 Hieronymus
1643 3246 1851 3332 gravissimus
1883 3252 1996 3310 auctor

338 3351 490 3436 episccpc
513 3349 662 3414 Romano
685 3349 834 3414 XXVIII
856 3349 1065 3416 Marcelliano
1091 3350 1166 3437 (sic)
1190 3350 1354 3436 subiungit
1376 3349 1418 3415 ad
1440 3371 1469 3415 a.
1494 3349 1573 3415 abr.
1591 3353 1674 3415 2321
1700 3349 1867 3414 XXVIIII
1888 3348 1993 3414 Euse-

337 3452 426 3517 bium
434 3454 470 3534 8).
515 3454 555 3519 Id
576 3455 681 3542 ipsum
701 3454 823 3519 faciunt
846 3453 985 3541 Optatus
1016 3460 1050 3518 et
1077 3454 1313 3540 Augustinus⁴)
1344 3455 1514 3541 episcopos
1541 3454 1730 3519 nominatim
1754 3460 1993 3520 enumerantes.

337 3556 487 3645 Denique
510 3579 553 3623 ex
574 3560 645 3646 ipsc
669 3559 818 3643 catalogo
833 3557 1006 3623 Liberiano
1027 3559 1285 3645 interpolationis
1301 3559 1391 3643 origo
1407 3557 1529 3645 prodit;
1552 3558 1675 3623 scilicet
1698 3578 1805 3623 rerum
1828 3562 1992 3642 gestarum

339 3669 488 3750 tempora
511 3663 629 3729 omisso
652 3663 808 3729 Marcello
830 3664 877 3729 ita
899 3661 1040 3727 ordinat:

805 3768 1011 3834 Marcellinus
1034 3766 1201 3832 ordinatur
1223 3788 1252 3830 a.
1270 3769 1332 3830 296
1355 3766 1426 3831 Iun.
1444 3769 1494 3830 30.

1034 3873 1206 3959 episeopus
1229 3892 1257 3936 a.
1274 3870 1358 3935 VIII
1380 3891 1423 3935 m.
1440 3869 1494 3934 III
1518 3869 1548 3934 d.
1563 3867 1662 3934 XXV

1022 3974 1204 4063 [damnatur
1226 3996 1254 4040 a.
1273 3977 1333 4040 303
1357 3974 1443 4060 Aug.
1460 3977 1500 4038 23
1512 3970 1561 4060 1)).

948 4079 1108 4166 depositio
1133 4080 1202 4144 eius
1225 4100 1253 4144 a.
1346 4079 1414 4144 Ian.
1436 4083 1483 4143 15.

866 4190 972 4248 cessat
994 4185 1200 4271 episcopatus
1222 4204 1251 4249 a.
1269 4183 1335 4247 VII
1357 4204 1400 4248 m.
1417 4181 1466 4245 VI
1490 4181 1521 4248 d.
1538 4179 1635 4245 XXV

853 4285 1014 4352 Eusebius
1037 4286 1203 4352 ordinatur
1225 4307 1254 4352 a.
1341 4284 1419 4371 Apr.
1441 4287 1489 4353 18.

1029 4392 1201 4478 001000ου0
1224 4427 1265 4437 -
1287 4411 1329 4454 m.
1352 4388 1402 4454 IV
1424 4387 1454 4453 d.
1472 4386 1554 4452 XVI

950 4494 1110 4581 depositio
1134 4496 1204 4560 eius
1225 4515 1255 4558 a.
1272 4541 1324 4558 ...
1341 4491 1427 4578 Aug.
1448 4496 1497 4557 17.

849 4599 1013 4666 Miltiades
1038 4600 1202 4665 ordinatur
1223 4619 1253 4663 a.
1270 4601 1330 4663 311
1356 4598 1461 4662 1012.

446 4758 466 4822 ¹)
485 4762 621 4812 [01011001
637 4761 752 4813 ordinem
769 4761 830 4813 item
850 4768 969 4813 auctores
987 4761 1083 4812 saeculi
1102 4759 1186 4826 quarti
1204 4760 1314 4826 Optatus
1332 4758 1363 4808 de
1381 4757 1484 4809 schism.
1503 4759 1595 4809 Donat.
1609 4753 1665 4821 23
1682 4762 1709 4806 et
1720 4754 1884 4821 Augustinus
1901 4771 1941 4822 00.
1953 4751 1995 4806 63.

342 4843 652 4915 ⁸)1ndioisexemplaria
674 4847 760 4900 omnia
785 4847 856 4910 (narn
874 4848 905 4899 de
923 4848 1008 4912 quinti
1026 4846 1135 4898 lectione
1153 4862 1243 4914 parurn
1268 4841 1381 4910 constat)
1407 4861 1451 4911 010
1470 4843 1620 4895 Marcellino
1643 4849 1669 4895 et
1686 4842 1811 4894 Marcello
1828 4858 1910 4893 unuur
1928 4843 1996 4893 Mar·

339 4932 434 4985 cellum
452 4941 564 5001 ponunt.
586 4936 631 5001 qui
650 4952 709 4988 vere
728 4942 767 4988 eet
783 4934 961 4987 Marcellinus.
1048 4933 1072 4999 ⁸)
1097 4934 1322 4986 consentientibus
1346 4933 1374 4982 in
1397 4933 1537 4983 omittendo
1554 4931 1678 4983 Marcello
1696 4931 1829 4982 codicibus
1847 4929 1996 4982 melioribus

340 5020 461 5072 omnibus
479 5021 617 5074 accedente
635 5023 760 5088 Prospero
778 5021 878 5082 (chron.
897 5021 959 5072 min.
978 5019 1056 5072 soll
1076 5037 1101 5088 p.
1113 5018 1165 5072 416
1183 5037 1206 5072 c.
1218 5017 1270 5070 949
1288 5036 1311 5086 p.
1325 5014 1376 5069 447
1394 5034 1417 5069 c.
1431 5013 1492 5084 972)
1511 5034 1570 5069 eunr
1588 5018 1727 5085 interpolat
1744 5017 1826 5069 codex
1844 5016 1995 5081 Hieronymi

340 5106 473 5159 laeidsusis
490 5108 557 5160 8001.
572 5106 605 5160 14
624 5108 664 5170 (F
677 5108 806 5172 Schoenii)
825 5110 944 5160 0000111
961 5109 1106 5175 descriptus
1123 5109 1168 5174 qui
1186 5108 1289 5159 videtur
1305 5123 1338 5157 ex
1356 5105 1496 5172 exemplari
1515 5105 1609 5171 scripto
1627 5105 1769 5170 imperante
1786 5104 1932 5155 0110010010.
1968 5103 1995 5154 Si

340 5199 470 5246 0011010101
487 5194 710 5262 interpolationem
728 5195 798 5247 illam
816 5202 945 5263 sumptam
963 5197 1067 5247 omnino
1086 5212 1119 5247 ex
1136 5195 1202 5247 libro
1219 5193 1364 5245 Ponufioati
1383 5194 1498 5244 adfuisse
1516 5191 1567 5243 iam
1586 5191 1613 5242 in
1631 5192 1781 5258 archetypo,
1800 5191 1898 5241 1000101
1915 5189 1940 5240 id
1964 5188 1996 5240 sd

341 5279 420 5331 huius
437 5287 547 5332 00101001
565 5281 799 5347 determinandam
817 5284 863 5335 sed
881 5290 965 5349 001001
982 5283 1123 5335 Marcellus
1144 5283 1246 5334 additus
1264 5297 1320 5333 esse
1337 5288 1451 5347 tempore
1469 5279 1545 5345 longe
1563 5278 1710 5344 posteriore.
1782 5275 1804 5341 ‘)
1823 5276 1899 5327 Locis
1916 5291 1996 5342 supra

340 5363 533 5420 0110101101ἰο.
558 5369 636 5435 Apud
645 5369 820 5435 Augustinum
832 5368 996 5421 Goldbaoher
1008 5375 1117 5420 testatur
1126 5369 1305 5420 Marcellinum
1318 5368 1409 5418 abesse
1421 5383 1438 5417 a
1450 5365 1582 5417 codicibus
1593 5364 1680 5431 probis
1689 5364 1817 5415 omnibus.
1889 5362 1910 5424 ⁸)
1929 5361 1996 5414 Acta

341 5453 436 5504 11011010
452 5454 544 5520 synodi
562 5451 736 5507 Sinuessanae
755 5455 852 5521 (Manui
869 5455 947 5508 vell
969 5473 993 5522 p.
1008 5452 1097 5519 lton:
1122 5455 1260 5506 damnatus
1277 5464 1315 5506 001
1330 5453 1502 5505 Marcelliano
1519 5452 1652 5516 episcopas
1668 5468 1715 5501 000
1732 5449 1827 5501 iudicio
1840 5447 1870 5498 X
1883 5449 1907 5499 1.
1926 5447 1997 5514 Sept.

342 5537 504 5590 Diocletiano
520 5538 595 5591 VIII
608 5548 633 5592 et
643 5540 806 5592 Maximiano
821 5540 880 5590 VII
892 5540 1044 5593 cloacaria
1061 5543 1214 5594 concidibus.
1250 5543 1316 5592 Acta
1334 5541 1397 5592 haec
1414 5541 1459 5605 qui
1478 5538 1553 5589 finxit
1570 5553 1635 5589 0000
1648 5537 1684 5588 Vl
1703 5538 1809 5587 ineunte
1827 5533 1898 5599 (vide
1916 5549 1998 5600 supra

341 5642 367 5693 p.
379 5622 466 5690 xxn)
484 5625 551 5677 diem
564 5627 654 5678 iudicii
671 5627 716 5678 vix
735 5628 836 5679 videtur
853 5633 1013 5679 commentus
1031 5644 1095 5680 esse.
1131 5628 1216 5680 Antea
1232 5642 1335 5693 quoque
1346 5624 1383 5693 (p.
1398 5623 1477 5691 1251)
1490 5625 1557 5676 idom
1570 5630 1660 5674 000101
1678 5622 1794 5673 meminit
1805 5620 1999 5684 Vulcanalibus,

341 5712 387 5779 qui
403 5713 459 5765 diss
474 5713 542 5765 idem
561 5721 609 5765 est.
