4658 6576
370 429 431 486 1er
1051 432 1334 489 Pnouueonurts.

476 607 522 673 Hi
544 608 670 673 numeri
692 629 756 672 non
779 607 821 673 ad
843 609 996 674 amussim
1019 606 1225 691 concordant,
1248 607 1307 673 sed
1330 608 1535 695 aliquatenus
1557 609 1752 674 conveniunt
1773 615 1808 674 et
1830 610 1915 677 inter
1934 630 1969 674 se
1992 614 2027 674 et

370 733 445 777 cum
467 713 592 798 reliqua
613 733 721 777 rerum
743 713 858 777 notitia
879 712 973 778 nobis
995 711 1124 778 tradita.
1170 712 1318 778 (lassavit
1332 713 1539 799 episcopatus
1554 718 1630 800 post
1644 711 1868 779 Marcellinum
1884 714 2025 778 occisum

371 837 478 902 neque
506 815 626 882 diserte
657 816 808 897 traditur,
836 816 966 904 quando
990 815 1164 882 Christiani
1191 817 1226 881 in
1253 816 1334 882 urbe
1362 815 1469 882 Roma
1499 815 1542 881 ad
1564 817 1753 905 episcopum
1775 838 1884 883 rursus
1912 839 2025 883 creau-

370 920 462 1002 dum,
492 921 615 986 scilieet
642 920 835 1002 Eusebium,
866 920 990 986 animos
1019 920 1245 986 confirmarint.
1303 919 1371 985 Sed
1402 941 1475 986 cum
1505 921 1723 1006 persecutioni
1751 922 1784 986 in
1810 922 1892 987 urbe
1919 921 2026 987 Roma

371 1025 469 1089 tinem
490 1025 681 1111 imposuerit
709 1023 895 1089 Maxentius
923 1024 1010 1090 etis
1039 1023 1127 1090 bona
1155 1024 1364 1089 ecclesiarum
1388 1023 1645 1090 Christianarum
1668 1025 1843 1091 confiscata
1873 1025 2025 1092 reddide-

371 1128 413 1192 rit
431 1129 585 1215 episoopo
600 1127 738 1193 Miltiadi
748 1126 786 1214 ¹),
808 1127 852 1193 ad
874 1128 943 1194 eius
966 1134 1115 1216 tempora
1139 1149 1192 1194 res
1214 1127 1383 1214 redigitur.
1429 1128 1649 1195 Ordinationis
1663 1129 1819 1196 Miltiadis
1841 1150 1914 1196 oum
1937 1129 2025 1194 diem

273 1294 278 1303 ,
371 1233 556 1298 noverimus
577 1253 638 1298 nec
654 1251 853 1320 magnopere
877 1231 1029 1298 differant
1051 1252 1136 1319 qnae
1160 1232 1201 1297 de
1216 1231 1363 1315 Eusebii,
1386 1233 1438 1298 cui
1453 1232 1618 1299 Miltiades
1634 1235 1801 1316 successit,
1823 1234 2026 1321 temporibus

370 1335 540 1402 traduntur
548 1336 575 1420 ²)
607 1357 714 1423 neque
750 1338 922 1423 quicquam
957 1336 1054 1402 duoat
1087 1336 1130 1401 ad
1163 1337 1370 1402 intervallum
1404 1337 1499 1403 solito
1532 1337 1637 1402 maius
1667 1338 1752 1403 inter
1779 1337 1958 1404 Eusebium
1993 1345 2027 1405 et

370 1438 551 1505 Miltiadem
585 1438 809 1523 statuendum,
843 1439 979 1506 Eusebii
1013 1440 1174 1506 ordinatio
1208 1446 1297 1507 recte
1330 1440 1445 1507 referri
1477 1447 1588 1527 potest
1620 1441 1664 1506 ad
1698 1443 1774 1507 anni
1802 1445 1865 1508 310
1897 1462 2027 1508 memes

371 1550 537 1609 extremos
567 1544 620 1611 vel
647 1544 813 1629 sequentis
843 1545 918 1609 anni
945 1544 1075 1629 primos.
1122 1543 1217 1610 Sedis
1244 1545 1329 1610 inter
1359 1544 1584 1610 Marcellinum
1615 1552 1649 1610 et
1679 1545 1858 1611 Eusebium
1881 1546 2027 1611 vacantis

371 1648 477 1733 spatia
500 1655 589 1715 certo
613 1647 732 1713 tradita
754 1653 829 1712 sunt
851 1647 1129 1713 consentientibus
1153 1669 1226 1714 curu
1249 1649 1390 1734 catalogi
1405 1648 1571 1715 Liberiani
1594 1648 1707 1715 codice
1731 1639 1897 1716 codicibus
1912 1649 2026 1716 Ponti·

371 1753 481 1820 fioalis.
525 1753 581 1819 Ad
608 1753 669 1818 hos
694 1772 846 1817 numeros
872 1751 900 1816 si
926 1751 1131 1817 intervallum
1160 1758 1400 1839 computamus,
1430 1752 1540 1840 coepit
1566 1752 1601 1818 id
1622 1752 1812 1820 Marcellino
1843 1754 1950 1820 occiso
1972 1773 2028 1818 se-

373 1857 477 1923 cundo
500 1857 650 1922 semestri
671 1877 701 1920 a.
716 1859 790 1921 303.
836 1853 983 1929 Quocum
1012 1855 1172 1920 consentit
1200 1856 1255 1942 qui
1282 1856 1410 1942 scripsit
1437 1857 1608 1923 concilium
1631 1856 1864 1923 Sinuessanum
1885 1856 2024 1923 Marcel·

373 1963 473 2027 linum
503 1960 686 2047 significans
715 1959 902 2024 damnatum
928 1978 1002 2024 esse
1030 1978 1059 2023 a.
1082 1960 1144 2023 303
1168 1957 1254 2044 Aug.
1271 1961 1322 2024 23.
1372 1958 1425 2024 Ita
1450 1959 1492 2026 ab
1522 1960 1725 2026 ordinatione
1752 1982 1783 2026 a
1802 1964 1865 2028 290
1896 1960 1966 2025 Iun.
1983 1962 2025 2025 30

374 2066 417 2131 ad
439 2066 680 2130 damnationem
703 2085 732 2131 a.
749 2066 811 2128 303
835 2063 921 2147 Aug.
938 2065 978 2127 23
1002 2060 1207 2127 Marcellinus
1229 2061 1315 2126 sedit
1336 2081 1366 2130 a.
1383 2061 1449 2127 VII
1470 2085 1513 2130 m.
1530 2063 1546 2126 1
1569 2064 1600 2129 d.
1618 2063 1747 2129 XXIII.
1793 2064 1919 2153 Corpus
1938 2064 2026 2130 Mar·

373 2170 481 2236 cellini
508 2169 692 2257 depositum
719 2187 791 2233 esse
824 2166 876 2232 dle
898 2164 1018 2231 XVIII
1039 2165 1073 2232 lu
1095 2165 1193 2232 Febr.
1210 2197 1251 2220 =
1268 2166 1338 2230 Ian.
1358 2172 1395 2230 15
1423 2188 1497 2232 cum
1525 2175 1651 2234 constet
1678 2173 1744 2233 tam
1773 2188 1817 2234 ex
1838 2169 1944 2234 indice
1968 2168 2027 2233 de·

367 2266 568 2362 positionum
592 2274 817 2360 episcoporum
839 2271 960 2335 inserto
984 2269 1262 2355 chronographiae
1286 2291 1383 2356 quam
1411 2292 1454 2336 ex
1483 2272 1720 2359 martyrologiis
1728 2271 1770 2359 ³),
1793 2272 1934 2339 eundem
1957 2273 2027 2339 sere

376 2377 463 2443 diem
487 2375 601 2460 (XVII
622 2377 656 2442 k.
672 2375 785 2461 Febr.)
807 2373 1006 2439 Pontifioalis
1028 2371 1151 2438 habeat
1180 2372 1212 2436 in
1234 2370 1401 2455 Marcello,
1424 2376 1533 2462 sperui
1554 2377 1674 2463 poterit
1696 2377 1785 2463 qnod
1807 2377 1919 2442 scribit
1940 2376 2027 2442 idem

372 2463 598 2547 Marcellinum
622 2480 805 2568 depositum
828 2499 900 2544 esse
917 2476 997 2564 Apr.
1013 2481 1064 2553 25,
1089 2497 1161 2542 cum
1183 2497 1244 2563 per
1258 2477 1355 2542 XXV
1378 2477 1448 2543 dies
1470 2480 1667 2567 insepultum
1688 2481 1858 2556 iacuisset;
1881 2487 2028 2546 ceterum

374 2607 435 2673 per
457 2585 590 2672 aliquod
611 2591 740 2671 tempus
767 2582 801 2647 id
829 2583 914 2647 iusta
936 2582 1102 2668 sepultura
1132 2582 1273 2647 caruisse
1302 2588 1555 2648 consentaneum
1583 2591 1633 2649 est
1654 2590 1769 2671 utpote
1798 2585 1938 2650 hominis
1966 2605 2027 2672 pu·

376 2690 462 2756 blice
495 2689 600 2756 occisi.
655 2687 853 2773 Refragatur
881 2686 1020 2772 spatium
1051 2683 1208 2750 Marcello
1238 2684 1435 2772 adscriptum
1465 2686 1498 2751 in
1530 2685 1705 2752 Liberiano
1739 2708 1770 2752 a
1789 2687 1876 2753 VIII
1908 2710 1952 2753 m.
1974 2687 2027 2752 III

375 2791 530 2875 dxxv,
552 2793 586 2857 in
607 2791 727 2856 Iudicis
750 2788 992 2878 exemplaribus
1014 2788 1202 2854 melioribus
1224 2788 1287 2854 a.I
1309 2810 1351 2853 m.
1367 2788 1437 2854 ΠΠ
1459 2788 1489 2853 d.
1505 2789 1588 2855 XVI
1610 2790 1689 2876 (alia
1712 2791 1840 2874 aliter);
1872 2792 1932 2857 sed
1954 2813 2027 2858 cum

372 2897 498 2962 numeri
520 2894 696 2962 admodum
719 2894 854 2975 varient,
872 2897 981 2979 potest
996 2890 1147 2956 substitui
1162 2891 1196 2956 id
1211 2891 1299 2978 qnod
1313 2912 1411 2979 supra
1427 2892 1645 2978 computando
1662 2893 1841 2963 effecturus.
1884 2894 2027 2960 Periisse

373 3000 609 3083 Marcellinum,
631 3007 668 3065 nt
682 2998 833 3078 diximus,
849 2995 991 3062 secundo
1007 2996 1156 3061 semestri
1172 3016 1199 3060 a.
1218 2998 1280 3062 303
1303 3002 1393 3062 recte
1410 2999 1561 3063 convenit
1575 2998 1774 3085 temporibus
1795 2998 2030 3087 persecutionis

372 3103 599 3170 Diocletianae
614 3107 752 3191 coeptae
767 3100 980 3167 Nicomediae
995 3119 1026 3166 a.
1043 3100 1105 3165 303
1122 3099 1220 3166 Febr.
1238 3103 1290 3166 23.
1329 3100 1390 3166 Illo
1406 3100 1476 3167 fere
1492 3107 1640 3189 tempore
1656 3101 1879 3169 Diocletianus
1889 3102 2029 3168 Romam

372 3207 506 3276 advenit
528 3216 563 3274 et
576 3207 757 3273 vicennalia
778 3206 825 3272 ibi
846 3203 1025 3271 celebravit
1046 3224 1076 3270 a.
1093 3207 1157 3269 303
1180 3203 1265 3270 Νοι.
1281 3207 1333 3286 20,
1348 3224 1410 3269 nee
1425 3203 1559 3270 dubium
1577 3213 1627 3271 est
1640 3207 1839 3293 imperatore
1854 3213 2029 3294 praesente

372 3333 497 3400 poenas
520 3318 631 3378 eontra
646 3309 846 3376 Christianos
868 3308 1059 3374 constitutas
1080 3308 1225 3373 severius
1248 3328 1345 3394 quam
1360 3313 1459 3395 autea
1474 3314 1608 3375 exactas
1631 3331 1713 3375 esse.
1750 3309 1878 3376 Eodem
1891 3311 2028 3376 rettule-

374 3417 434 3481 rim
457 3415 545 3502 quod
566 3416 613 3480 eit
635 3420 747 3481 auctor
769 3413 842 3479 libri
866 3411 907 3478 de
929 3411 1087 3477 mortibus
1109 3417 1353 3498 pensantem
1362 3412 1387 3494 ⁴)
1410 3417 1486 3499 post
1506 3432 1629 3499 paucos
1645 3433 1775 3480 meuses
1791 3435 1834 3479 ex
1847 3415 1931 3481 urbe
1945 3413 2027 3480 Dio·

375 3520 550 3586 cletianum
564 3541 673 3585 rursus
696 3518 814 3584 exiisse
836 3521 972 3603 propter
994 3514 1167 3580 libertatem
1181 3514 1297 3600 pmali
1313 3514 1453 3580 Rusoni
1467 3516 1529 3581 sibi
1544 3517 1793 3583 intolerabilem.
1839 3518 1891 3583 Ita
1913 3540 2027 3606 quam·

375 3645 482 3710 quam,
498 3629 535 3688 ut
550 3623 627 3706 dixi,
642 3622 768 3687 numeri
786 3622 819 3686 in
834 3619 1010 3685 minoribns
1025 3618 1219 3704 discrepant,
1236 3618 1455 3684 dubitationes
1470 3620 1637 3704 graviores
1653 3621 1807 3686 tollentur
1821 3622 1926 3689 eiecto
1942 3622 2029 3688 Mar·

376 3727 470 3793 cello.
494 3764 535 3776 -
558 3726 626 3793 Sed
647 3726 821 3792 Marcellus
848 3724 910 3790 etsi
931 3723 1017 3788 inter
1039 3723 1210 3810 episcopos
1231 3723 1320 3788 urbis
1344 3722 1470 3789 Romae
1494 3745 1560 3790 non
1581 3730 1671 3790 recte
1694 3725 1854 3791 admissus
1877 3733 1941 3808 est,
1970 3726 2029 3792 ad-

375 3833 492 3897 missus
515 3838 650 3897 estnon
673 3831 742 3895 sine
765 3849 872 3895 causa.
917 3826 1042 3891 Extant
1065 3826 1174 3912 elogia
1201 3832 1268 3890 tam
1290 3825 1437 3892 Marcelli
1459 3847 1555 3913 quam
1578 3827 1711 3895 Eusebii
1740 3850 1805 3895 non
1827 3831 1930 3896 multo
1955 3836 2031 3915 post

376 3957 397 4000 a
418 3957 506 4023 papa
529 3935 673 4001 Damaso
698 3938 731 4018 (†
747 3936 824 4017 384)
852 3930 1018 4018 scriptal),
1048 3950 1133 4017 quae
1162 3935 1334 4020 utnrmqne
1362 3929 1544 3998 ‘rectorem’
1573 3933 1741 4021 appellant
1768 3940 1802 3999 et
1832 3955 2028 4024 quamquam

484 4232 504 4298 ¹)
527 4232 656 4284 Eusebius
672 4232 733 4283 hist.
751 4229 813 4282 eccl.
831 4225 917 4292 8,14:
940 4223 1091 4283 uastum
1171 4216 1325 4293 ἐρχόμενος
1347 4221 1402 4291 μὲν
1420 4220 1470 4290 τήν
1491 4217 1556 4274 καθ’
1572 4223 1646 4294 ἡμᾶς
1665 4224 1758 4279 uterer
1774 4222 1817 4281 ἐπ’
1836 4223 1965 4299 ἀρεσκείᾳ
1982 4223 2028 4281 sal

375 4315 503 4386 κολακείᾳ
521 4317 571 4369 rori
582 4315 673 4387 δήμου
687 4313 825 4384 Ῥωμαίων
836 4308 1056 4382 andworpiam
1073 4306 1157 4377 ταύτῃ
1170 4325 1200 4361 ιε
1211 4306 1268 4366 τοῖς
1284 4306 1415 4376 ιἰιηιιόοις
1426 4309 1474 4362 so'r
1485 4311 1556 4362 sard
1568 4314 1737 4380 Χριστιανῶν
1749 4311 1857 4368 ἀνεῖναι
1868 4313 2031 4385 προστάττει

375 4401 508 4472 διωγμόν.
540 4405 703 4472 Augustinus
720 4405 792 4456 brev.
810 4401 896 4455 collat
914 4417 937 4453 o.
949 4398 996 4451 3⁴:
1015 4399 1145 4466 lepedotsr
1163 4397 1322 4449 Melchisedec
1338 4397 1437 4450 natm
1453 4396 1578 4452 anemos
1595 4418 1653 4452 cuns
1671 4403 1762 4455 litteris
1779 4404 1906 4456 Humani
1922 4404 1985 4469 issp.
2005 4411 2031 4455 et

376 4491 467 4544 litteris
483 4493 613 4559 praesceti
624 4491 760 4558 pemeria
777 4490 814 4542 cd
826 4490 990 4556 μαιίιιιιιιι
1006 4486 1086 4548 sartis,
1102 4493 1131 4536 ut
1142 4501 1175 4536 eo
1185 4483 1336 4549 reciperen,
1351 4500 1418 4550 qaue
1435 4492 1548 4552 tempore
1561 4489 1747 4553 μικιιιιίοιιίι
1764 4491 1855 4542 ιιὸιιιι
1871 4499 2030 4543 marcas

375 4578 517 4644 imperatos·
536 4577 689 4629 messanis
706 4577 816 4629 iasserm
833 4575 916 4627 reddi.
1005 4571 1027 4637 ')
1051 4572 1113 4622 Dies
1130 4570 1298 4622 ordinationis
1319 4570 1426 4622 Eusebii
1443 4571 1553 4623 traditus
1570 4574 1598 4624 in
1621 4575 1739 4643 catalogo
1756 4578 1895 4630 Liberiauo
1920 4593 1973 4628 nou
1991 4583 2031 4629 eat

376 4665 471 4716 dubius
488 4680 537 4716 nec
554 4665 637 4730 magis
654 4664 709 4716 dies
726 4663 892 4731 depositionis
909 4661 937 4712 in
948 4659 1037 4711 adem
1049 4656 1256 4724 chronographia
1274 4663 1400 4708 mrestua
1435 4657 1485 4709 Sed
1501 4658 1534 4710 de
1554 4660 1603 4711 hoc
1620 4670 1690 4713 recte
1708 4665 1808 4715 monuit
1826 4666 1933 4718 Roasim
1944 4664 2030 4718 Bm

374 4757 431 4802 sott
448 4747 547 4816 2209,
569 4766 630 4802 oum
647 4751 777 4803 Eusebius
800 4756 917 4802 mortuus
938 4747 973 4799 sit
995 4747 1022 4797 in
1045 4744 1148 4809 Sicilia,
1171 4758 1335 4810 nequaquam
1358 4750 1476 4796 oouetm
1496 4746 1529 4798 de
1550 4762 1622 4799 auno
1644 4751 1821 4803 πιιιιΙιιίοιιίι
1843 4753 1979 4805 maerin
2001 4754 2029 4806 iu

375 4838 555 4890 memeterium
581 4838 723 4903 urbanum,
750 4838 828 4889 immo
849 4839 895 4888 vix
920 4852 979 4889 esm
1007 4833 1119 4885 adscribi
1146 4847 1221 4899 posse
1246 4847 1316 4883 auno
1337 4831 1363 4883 ei
1388 4848 1441 4898 quo
1463 4832 1535 4885 obiit
1575 4835 1615 4886 Dc
1636 4839 1720 4904 spatio
1746 4838 1870 4891 differunt
1895 4839 2030 4907 uatalogus

374 4925 529 4977 Liberianns
546 4925 647 4977 habam
664 4941 699 4976 m.
717 4927 768 4977 1111
785 4925 810 4976 d.
828 4924 897 4986 XVI,
916 4931 943 4975 et
959 4921 1053 4982 ludex,
1077 4919 1153 4971 ouius
1169 4917 1328 4987 exemplaria
1345 4918 1453 4971 meliora
1469 4920 1495 4972 ei
1512 4921 1576 4973 dant
1592 4939 1626 4973 m.
1639 4924 1675 4975 Vl
1692 4925 1717 4977 d.
1736 4925 1788 4990 ΙΙΙ,
1811 4934 1838 4978 et
1854 4927 2030 4994 Hieronymus

374 5011 525 5064 ιᾱιιοιίῑιοιιι
543 5011 567 5063 ai
584 5027 618 5061 m.
631 5011 692 5074 V113
716 5011 761 5063 sed
778 5010 821 5062 vel
839 5010 877 5061 sic
894 5015 996 5061 constat
1013 5022 1073 5059 euru
1091 5021 1143 5057 nou
1165 5019 1329 5072 peraunassa
1417 5003 1441 5069 ⁸)
1464 5007 1598 5076 Martyrol.
1616 5010 1849 5078 Hieronymianum
1871 5020 1898 5065 et
1921 5012 1972 5064 sub
1988 5013 2031 5066 die

375 5098 601 5150 xvuaseba:
626 5089 1981 5166 amassaoenaeesarannetaenpoosomeuoeoetaeptmprln.m
2006 5109 2032 5152 ιι

374 5182 540 5252 confutaris)
557 5190 583 5236 et
600 5183 650 5236 snb
668 5183 785 5250 sequenti
804 5183 866 5233 XVI
883 5184 909 5233 Ι.
928 5182 1015 5233 Faba:
1034 5178 1158 5244 aposto
1175 5177 1258 5229 sandi
1275 5176 1398 5229 Maroeltt'
1415 5177 1537 5244 spiwopi.
1570 5180 1669 5233 Nomen
1686 5193 1836 5251 sumptum
1854 5193 1894 5237 est
1911 5186 2031 5239 similiter

375 5277 454 5337 atque
471 5272 499 5322 in
516 5270 616 5334 Indice;
638 5269 706 5322 iuter
725 5270 860 5337 episcopos
877 5271 1006 5321 Romanos
1029 5267 1075 5332 qui
1092 5282 1153 5318 sese
1175 5265 1226 5316 {trit
1242 5263 1410 5316 Mareellinus
1427 5265 1507 5332 vulgo
1530 5268 1678 5334 appellatur
1699 5271 1803 5322 nemim
1826 5288 1879 5323 nou
1895 5289 1944 5325 sno
1963 5275 2031 5326 Mar·

375 5356 442 5409 „0115⁸
530 5355 553 5422 ι)
576 5355 616 5406 D„
634 5364 708 5408 mon,
726 5371 823 5423 pensa
842 5352 882 5405 l'l.
973 5353 995 5418 ⁸)
1018 5352 1186 5404 Dnahesnel
1207 5367 1233 5418 p.
1247 5347 1306 5401 166.
1318 5347 1376 5400 167.
1413 5350 1616 5419 Diligentissima
1636 5362 1663 5405 st
1679 5355 1826 5409 doedssiuse
1846 5359 1902 5424 egit
1920 5361 2030 5412 Roseius

376 5442 408 5495 de
424 5442 517 5509 elogiis
534 5442 575 5495 his
591 5440 676 5494 Basso
692 5451 749 5494 sctt
766 5439 949 5506 e,201-sot.
986 5443 1101 5508 Apparet
1121 5454 1155 5491 ex
1179 5438 1211 5489 iis
1233 5437 1260 5488 in
1282 5435 1363 5504 lapsIs
1386 5439 1528 5491 necandis
1545 5449 1600 5492 tam
1618 5442 1772 5495 Mamlluru
1790 5461 1870 5511 quam
1887 5447 2030 5498 Eusebium

375 5529 492 5595 exegisse
518 5528 715 5595 paenitentiam,
741 5536 831 5580 eontra
853 5527 1012 5580 adseram
1035 5526 1101 5577 duce
1122 5521 1242 5576 lietaolio
1263 5521 1437 5585 sontsndisse,
1466 5531 1496 5575 ut
1516 5526 1594 5577 senia
1616 5529 1800 5582 consederetnr
1825 5533 1946 5583 omuibus
1973 5549 2030 5584 eam

375 5613 566 5681 aginnum
590 5614 659 5680 quod
677 5615 806 5666 uenum
828 5615 866 5665 eit
887 5613 920 5665 ue
942 5611 1064 5664 ueneno
1086 5610 1204 5668 οωιίιο,
1227 5605 1356 5658 Christe·
1376 5625 1434 5660 un
1458 5609 1486 5660 ie
1504 5627 1571 5675 pecs
1593 5628 1713 5679 meses,
1730 5632 1819 5684 mm
1842 5617 1977 5687 intellegis,
2001 5627 2031 5672 us

376 5701 522 5772 Cyprianus
539 5703 634 5772 passim
652 5701 704 5771 (ep.
722 5700 801 5763 obt.
817 5698 857 5765 rt,
875 5716 915 5770 ep
933 5695 1003 5763 bi,l
1022 5699 1066 5762 iu..
1085 5714 1124 5767 ep.
1143 5693 1216 5759 68,l>
1232 5692 1276 5759 a),
1293 5710 1351 5746 ιιιι
1374 5711 1442 5763 quae
1463 5707 1565 5765 propter
1585 5701 1769 5766 paenitentiam
1786 5702 1859 5773 lapse
1881 5706 2032 5761 messuitur
