4658 6576
1060 421 1346 481 pectusculum.
1991 429 2032 485 xl

530 598 676 659 sanctum
703 593 891 659 silvestrem
911 597 916 676 Ι
936 595 1077 662 Palatini
1103 598 1244 663 inlustris
1270 598 1330 664 riri
1360 597 1505 683 pecuniis
1533 598 1695 664 fabricans
1726 605 1760 665 at
1781 620 1943 665 exornans
1962 603 1968 682 Ι
1987 620 2027 664 eo

531 699 602 784 ipso
624 699 765 763 instante
788 697 959 764 dedicarit.
979 701 985 784 Ι
1004 702 1158 766 nonnulla
1181 702 1279 767 etiam
1303 703 1479 786 cymeteria
1499 702 1504 783 Ι
1524 709 1558 767 et
1579 703 1721 768 maxime
1738 704 1840 769 sancti
1856 704 2007 769 Pancrati
2025 704 2029 788 Ι

529 822 689 867 renovans
711 802 805 889 plura
825 802 891 867 illic
912 823 1000 868 nors
1022 826 1151 891 quoque
1175 806 1363 873 construxit.

374 905 465 973 LIII.
529 904 706 971 Hormisda
725 910 729 988 Ι
750 905 834 971 sedit
857 927 958 971 annos
979 929 1097 973 norem
1117 911 1123 990 Ι
1143 909 1212 975 dias
1235 909 1349 976 dacem
1372 916 1406 974 at
1428 917 1566 997 septem.

344 1009 482 1075 sLIIII.
529 1009 682 1075 Iohannis
704 1010 790 1074 sedit
812 1031 913 1074 annos
936 1012 1000 1075 duo
1022 1033 1152 1078 mansas
1173 1034 1292 1079 noram
1316 1012 1386 1078 dies
1405 1014 1410 1099 Ι
1429 1013 1522 1079 XVI.
1544 1016 1550 1097 Ι

373 1113 442 1179 LV.
526 1113 622 1179 Folia
642 1113 647 1199 Ι
666 1113 751 1178 sedit
773 1134 874 1178 annos
897 1120 1050 1200 quattuor
1070 1138 1201 1182 mensas
1224 1116 1288 1182 duo
1312 1115 1382 1181 dies
1401 1118 1406 1203 Ι
1427 1117 1507 1183 XII.
1528 1118 1533 1203 Ι

374 1217 459 1283 LVI.
529 1217 711 1283 Bonifatius
734 1217 819 1282 sedit
843 1239 943 1283 annos
966 1218 1031 1284 duo
1054 1221 1124 1286 dias
1146 1222 1260 1307 viginti
1283 1228 1317 1288 at
1341 1242 1410 1286 sax.

373 1322 476 1387 LVII.
529 1322 683 1387 Iohannis
705 1321 791 1387 sedit
812 1342 914 1387 anuos
937 1322 1002 1388 duo
1025 1346 1155 1390 mansas
1178 1331 1329 1412 quattuor
1354 1324 1424 1390 dias
1444 1327 1448 1411 Ι
1469 1325 1526 1391 VI.
1552 1326 1556 1411 Ι

374 1426 494 1491 LVIII.
525 1427 687 1513 Agapitus
709 1426 794 1491 sedit
814 1427 819 1510 Ι
839 1447 968 1492 menses
989 1428 1150 1495 undenam
1174 1429 1244 1495 dias
1266 1436 1351 1495 octo.
1372 1435 1378 1510 Ι

330 1529 683 1597 1⁰LVIIH.Silvarius
706 1530 791 1595 sedit
803 1531 816 1613 Ι
836 1550 966 1595 mensas
987 1553 1116 1599 noram.
1137 1536 1142 1615 1

370 1636 379 1721 ΙΙ
393 1634 466 1701 LX.
525 1635 664 1722 Vigilius
686 1634 771 1700 sedit
796 1655 899 1698 annos
921 1634 1036 1701 decem
1059 1642 1094 1701 at
1115 1643 1188 1702 octo
1211 1656 1341 1703 mansas
1364 1635 1427 1700 duo
1451 1635 1521 1701 dias
1542 1657 1671 1704 norem.
1691 1640 1696 1719 Ι
1715 1638 1849 1702 moritur
1870 1637 1904 1701 in
1928 1636 2026 1722 Syra·
2040 1655 2105 1722 se

526 1740 610 1804 cusis
632 1738 774 1804 secunda
795 1738 877 1802 feria
896 1738 901 1824 Ι
920 1746 1016 1804 nocta
1037 1741 1042 1824 Ι
1062 1742 1201 1826 septimo
1224 1740 1296 1807 idus
1320 1739 1430 1804 Iunias
1452 1740 1627 1806 indictione
1652 1741 1759 1808 tertis.
1779 1750 1784 1825 Ι

475 1929 555 1994 Post
576 1928 721 1994 Indicam
744 1928 1000 2014 antiquissimum
1032 1936 1067 1993 at
1094 1936 1188 2014 gasts
1214 1929 1402 2015 pontificum
1429 1931 1549 2016 scripta
1577 1933 1637 1998 sub
1661 1935 1814 2020 episcopo
1836 1932 1968 1997 Liberio
1993 1940 2027 1997 at

373 2039 467 2119 gesta
494 2033 639 2098 finientis
669 2033 703 2097 in
732 2031 927 2118 Symmacho
956 2040 1104 2120 tempora
1134 2034 1279 2118 sequitur
1308 2054 1423 2120 corpus
1453 2034 1590 2100 vitarum
1620 2037 1705 2123 quod
1734 2037 1859 2103 adimus
1887 2036 2030 2123 pseudo·

373 2137 615 2202 Damasianum.
660 2136 700 2201 Id
720 2138 786 2202 iam
817 2137 1042 2223 explicabitur,
1072 2144 1231 2223 quotanus
1258 2137 1328 2204 ficri
1359 2144 1482 2224 potest,
1514 2159 1535 2203 a
1563 2139 1678 2225 quibus
1706 2141 1891 2206 auctoribus
1914 2147 1948 2205 et
1975 2140 2031 2205 ubi

373 2241 536 2308 conditum
559 2241 615 2317 sit;
639 2240 769 2326 quinam
792 2241 833 2304 sit
848 2241 954 2327 oparis
978 2240 1104 2314 titulua;
1128 2262 1191 2327 quo
1215 2248 1363 2328 tempora
1380 2242 1534 2328 scriptum
1557 2244 1665 2310 situel
1689 2246 1796 2331 potius
1812 2244 1908 2311 scribi
1931 2264 2029 2330 coap-

373 2353 440 2411 tum
464 2353 498 2411 et
520 2366 584 2433 quo
607 2345 714 2410 denuo
737 2343 895 2430 prodierit
916 2346 1133 2430 recognitum;
1165 2367 1245 2432 quos
1278 2352 1426 2411 auctores
1448 2346 1491 2411 ad
1519 2368 1600 2434 opus
1630 2347 1833 2413 condendum
1856 2349 2031 2433 scriptores

372 2450 592 2525 adhibuerint;
617 2449 757 2535 danique
774 2469 871 2534 quam
890 2448 1027 2513 formam
1043 2457 1156 2514 auctor
1172 2457 1207 2515 at
1222 2451 1461 2516 continuatores
1477 2450 1558 2515 libro
1576 2451 1735 2517 dederint.
1773 2451 2031 2539 prhcabuntur

372 2555 470 2637 haee,
493 2561 530 2618 ut
552 2553 636 2635 dixi,
668 2560 823 2639 quantum
853 2552 922 2617 fieri
948 2559 1072 2639 potest;
1100 2574 1175 2618 nam
1203 2554 1446 2639 quaestionibus
1475 2554 1539 2619 illis
1568 2576 1646 2620 mox
1673 2555 1844 2642 apparebit
1874 2576 2030 2643 responsa

371 2659 490 2745 passim
513 2658 663 2739 deficare,
686 2657 765 2722 mihi
787 2663 874 2722 certa
897 2678 962 2721 non
985 2657 1095 2721 datum
1119 2678 1192 2722 essa
1214 2663 1251 2722 ut
1272 2658 1363 2722 iustis
1393 2656 1561 2724 desideriis
1582 2659 1824 2746 responderam.

474 2760 648 2828 Conditum
671 2782 743 2827 assa
765 2762 904 2826 vitarum
927 2782 1044 2848 corpus
1072 2761 1114 2826 ab
1138 2761 1291 2848 episcopo
1315 2760 1459 2826 Damaso
1493 2764 1535 2844 (a.
1552 2762 1739 2848 366-384)
1769 2763 1937 2827 anuntiant
1960 2763 2029 2848 api-

371 2867 475 2932 stulae
498 2865 710 2952 praefationis
738 2865 810 2929 loco
840 2865 906 2930 iam
935 2867 966 2929 in
996 2866 1103 2952 priora
1126 2864 1269 2930 aditione
1294 2866 1324 2929 ai
1346 2867 1544 2951 praemissae
1568 2865 1764 2952 Hieronymi
1786 2866 1828 2930 ad
1851 2866 2029 2931 Damasum

372 2978 406 3034 et
433 2971 526 3035 huius
555 2969 732 3056 responsio.
778 2968 852 3033 Hoc
882 2969 967 3033 enim
996 2970 1165 3035 enuntiant
1193 2974 1330 3055 rogante
1359 2968 1561 3056 Hieronymo
1589 2969 1768 3034 Damasum
1800 2971 2028 3056 episcoporum

370 3073 592 3140 Romanorum
615 3076 715 3139 ‘actus
738 3070 913 3159 gestorum’
930 3073 997 3137 siva
1022 3071 1138 3158 ‘gesta'
1163 3074 1365 3139 enarrarissa
1390 3080 1423 3138 at
1442 3074 1520 3159 ipsis
1537 3074 1682 3159 epistulis
1704 3073 1890 3161 praemissis
1908 3072 2028 3137 Hiero-

370 3180 457 3265 nymi
480 3200 557 3245 cura
580 3199 620 3243 aa
641 3178 771 3264 publica
794 3175 933 3263 prodire.
978 3177 1024 3241 At
1046 3178 1123 3241 olim
1147 3177 1380 3242 demonstravit
1402 3176 1652 3243 schelestratius
1684 3178 1795 3263 (antiq.
1819 3178 1897 3241 eccl.
1921 3176 1984 3240 vol.
2013 3173 2030 3237 I

369 3305 401 3370 p.
418 3286 480 3348 346
496 3303 564 3369 seq.
588 3284 651 3347 369
663 3279 747 3367 seq.)
777 3281 931 3367 epistulas
956 3280 1014 3345 has
1042 3280 1229 3346 subditioias
1257 3302 1340 3346 assa.
1387 3280 1485 3347 (larte
1514 3302 1597 3368 quaa
1622 3281 1663 3347 de
1687 3282 1848 3368 episeopis
1870 3280 2026 3345 Romanis

368 3388 401 3452 iu
424 3387 581 3453 chronicis
604 3385 820 3472 Hieronymus
842 3384 953 3465 habat,
976 3391 1046 3449 tota
1068 3386 1273 3471 refragantur
1296 3386 1423 3472 corpori
1446 3386 1600 3469 vitarum,
1624 3392 1658 3450 et
1680 3385 1722 3450 ad
1745 3386 1807 3451 hoc
1829 3385 1856 3449 si
1879 3404 1936 3448 sua
1959 3382 2024 3447 for·

368 3498 499 3573 massat,
522 3491 624 3555 multa
648 3491 678 3555 ai
700 3487 856 3554 mutanda
878 3488 1017 3569 fuerunt,
1042 3489 1185 3575 examph
1208 3510 1305 3554 causa
1328 3488 1530 3554 Constantini
1553 3489 1716 3576 baptisma
1738 3510 1758 3553 a
1777 3486 1969 3554 Nicomedia
1991 3493 2025 3551 at

367 3592 509 3658 Ilusabio
543 3593 802 3658 transferendum
835 3592 975 3657 Romam
1011 3592 1053 3657 ad
1082 3593 1282 3659 Silvestrum.
1329 3592 1415 3659 Sana
1443 3595 1571 3680 scripsit
1597 3594 1748 3659 chronica
1776 3594 1849 3658 vivo
1880 3592 2024 3656 Damaso

368 3717 397 3763 a.
414 3700 476 3762 378
499 3703 737 3784 potueruntque
753 3698 839 3762 vitae
861 3703 977 3783 postea
1000 3697 1040 3761 ad
1059 3718 1133 3761 cum
1156 3698 1343 3772 transmitti;
1367 3697 1426 3762 sad
1449 3698 1567 3763 librum
1584 3698 1625 3763 da
1641 3698 1717 3764 viris
1739 3696 1917 3762 illustribus
1936 3715 2024 3760 com·

368 3801 474 3886 posuit
495 3807 570 3889 post
584 3802 719 3867 Damasi
742 3801 866 3866 obitum
889 3802 1022 3887 eiusque
1038 3803 1157 3866 mortui
1179 3802 1223 3867 ibi
1246 3803 1445 3866 mentionem
1469 3802 1591 3867 faciens
1614 3801 1657 3888 (e.
1679 3802 1751 3886 103)
1775 3821 1890 3887 parum
1912 3805 2024 3884 gratus

365 3904 464 3969 homo
487 3903 529 3968 de
551 3904 625 3970 ritis
646 3906 708 3971 illis
730 3926 772 3970 na
795 3905 931 3972 verbum
954 3904 1086 3991 quidam
1108 3906 1194 3971 facit.
1232 3904 1314 3971 Mira
1337 3907 1466 3991 ingrata
1489 3907 1587 3971 etiam
1611 3906 1785 3994 posteritas
1808 3905 1879 3987 suit,
1902 3903 2025 3968 scilicet

368 4009 511 4096 corporis
533 4008 628 4075 huius
650 4010 692 4075 ab
716 4012 869 4098 episcopo
885 4010 1032 4075 Romano
1057 4010 1227 4097 conscripti
1250 4018 1284 4075 et
1298 4010 1341 4075 ad
1364 4017 1530 4076 auctorem
1555 4011 1712 4076 illustrem
1735 4008 1825 4073 missi
1846 4026 1906 4094 par
1927 4024 2028 4070 annos

368 4117 532 4178 trecentos
558 4134 656 4178 namo
687 4115 834 4178 meminit
861 4121 936 4179 ante
959 4113 1086 4179 Bedam
1118 4122 1282 4180 auctorem
1310 4116 1432 4180 saeculi
1461 4116 1567 4181 octavi
1595 4116 1641 4201 (p.
1658 4113 1763 4193 XVI).
1809 4111 1959 4196 Denique
1985 4108 2027 4173 ad

367 4237 420 4282 res
443 4238 526 4303 quaa
550 4224 708 4304 spectant,
734 4217 775 4282 dc
800 4219 905 4304 quarti
920 4219 1042 4283 saeculi
1059 4220 1218 4305 episcopis
1242 4239 1326 4305 quae
1342 4225 1523 4299 narrantur,
1547 4225 1613 4285 um
1630 4219 1729 4283 anilia
1751 4221 1875 4281 suntet
1896 4220 2025 4301 pertur-

366 4320 459 4402 bata,
493 4321 642 4386 utnulla
673 4320 769 4385 modo
797 4322 927 4407 aequali
954 4321 1051 4386 tribui
1083 4324 1219 4409 possint,
1252 4322 1354 4387 rerba
1382 4329 1492 4389 autam
1523 4330 1589 4388 mm
1616 4322 1731 4387 inscita
1765 4327 1799 4384 at
1828 4319 1956 4405 inepta,
1992 4323 2028 4381 ut

367 4422 564 4488 abhorreant
588 4424 641 4488 val
671 4423 713 4488 ab
743 4424 798 4488 illo
828 4424 959 4488 homine
987 4424 1205 4489 versificatore
1234 4446 1348 4510 parum
1378 4426 1482 4507 salici,
1513 4423 1572 4490 aad
1601 4445 1666 4489 non
1696 4425 1792 4511 plana
1821 4422 1960 4487 barbaro
1995 4426 2029 4484 at

367 4528 409 4593 ab
442 4527 650 4592 humanitatis
681 4533 829 4593 vetustae
857 4529 1000 4614 reliquiis
1029 4550 1093 4593 non
1127 4529 1255 4593 omuino
1292 4529 1457 4594 destituto.
1509 4530 1623 4615 Itaqua
1658 4534 1732 4614 post
1760 4525 2026 4591 Schalestratium

367 4651 462 4696 namo
491 4651 589 4696 ausus
615 4637 665 4697 ast
695 4633 906 4718 patrocinium
935 4631 1023 4696 rudis
1055 4632 1150 4697 huius
1173 4634 1349 4697 commenti
1380 4634 1546 4720 suscipere
1575 4632 1714 4720 profecti
1742 4630 1783 4695 ab
1813 4635 1944 4695 auctora
1967 4628 2026 4692 ali·

367 4747 524 4821 quatenus
549 4737 676 4800 imitato
700 4737 854 4823 epistulas
882 4757 977 4802 raras
1006 4736 1189 4801 notissimas
1216 4737 1257 4802 ab
1281 4736 1481 4822 Hieronymo
1509 4736 1552 4801 ad
1581 4737 1759 4802 Damasum
1782 4741 1816 4800 at
1838 4734 1908 4799 rica
1931 4752 2025 4796 versa

367 4837 459 4903 datas
469 4840 504 4921 ¹).
555 4838 770 4905 Nihilominus
803 4841 1022 4927 praefationes
1052 4860 1113 4905 ese
1146 4841 1275 4905 omnino
1306 4841 1432 4926 corpori
1460 4842 1614 4926 aequales
1647 4841 1840 4920 affecerunt,
1874 4843 1910 4901 ut
1939 4836 2025 4901 ritae

471 5045 484 5096 l
503 5047 649 5099 airuastram
667 5057 727 5100 ante
745 5066 812 5101 corr.
831 5049 900 5111 cod.,·
918 5049 1031 5115 aequitas·
1043 5057 1170 5115 punctum
1189 5048 1284 5114 duplas
1382 5045 1444 5099 9.10
1461 5048 1573 5114 wedam
1591 5056 1650 5100 cate
1669 5063 1769 5099 mansas
1877 5042 1910 5095 12
1926 5045 1955 5095 ia
1966 5045 2024 5109 fine

363 5148 457 5184 manue
470 5133 600 5198 posterior
617 5133 754 5201 adscripsit
771 5136 900 5202 quaedam
916 5136 996 5187 cerba
1013 5152 1044 5187 aa
1064 5135 1164 5187 Gauri.

471 5271 491 5337 ¹)
511 5273 661 5339 Hieronymi
679 5275 791 5326 versioni
809 5283 929 5339 quattuor
947 5274 1143 5340 euangeliorum
1161 5274 1300 5340 praemissa
1321 5273 1434 5340 epistula
1456 5273 1488 5323 ad
1506 5274 1648 5323 Damasum
1671 5286 1762 5338 papam
1780 5269 1898 5334 aliaeque
1916 5266 2022 5328 similae

365 5359 476 5410 maxima
494 5359 561 5410 dnae
580 5359 628 5426 (ap.
641 5357 683 5411 35.
698 5357 733 5411 36
751 5361 1023 5427 ffiaronymianaruml
1042 5361 1149 5412 Damasi
1166 5361 1200 5411 ad
1218 5360 1406 5426 HIaronymum
1424 5366 1450 5410 et
1468 5359 1546 5410 huius
1564 5359 1597 5409 ad
1616 5357 1688 5408 illum
1707 5356 1857 5409 subditicias
1874 5353 2020 5422 complures

364 5452 563 5511 procreaverunt
579 5446 738 5513 Hieronymo
760 5449 905 5498 Damasove
928 5448 1070 5515 adscriptas
1093 5445 1165 5514 (opp.
1183 5447 1235 5498 vol.
1249 5445 1281 5497 ll
1306 5463 1331 5513 p.
1350 5443 1478 5511 273aaq.;
1501 5444 1645 5495 Hinschins
1663 5443 1802 5495 decretales
1819 5442 2023 5510 pseudo-laido-

363 5531 453 5583 rianae
470 5548 495 5598 p.
507 5528 571 5595 4983
589 5532 762 5584 Tischsndorl
780 5549 873 5600 evang.
892 5550 978 5602 apocr.
997 5530 1068 5586 ed.2
1085 5550 1111 5600 p.
1123 5531 1183 5597 bl),
1209 5533 1254 5584 sed
1272 5538 1357 5584 aetate
1375 5533 1412 5583 ita
1430 5531 1534 5596 recenti,
1561 5537 1592 5581 ut
1613 5546 1659 5582 aaa
1677 5529 1833 5597 pontificalis
1850 5528 1911 5580 libri
1928 5535 2021 5579 auctor

362 5616 484 5669 adhibere
501 5635 553 5669 non
571 5621 691 5685 potuerit.
727 5621 763 5670 Aa
780 5627 810 5671 at
833 5637 865 5671 ex
889 5620 1007 5688 epistulis
1029 5621 1097 5672 veris
1119 5620 1227 5671 Damasi
1250 5627 1276 5672 at
1294 5619 1445 5685 Hieronymi
1469 5618 1651 5669 commercium
1673 5616 1851 5683 epistularium
1875 5615 1963 5679 novit,
1987 5615 2023 5665 ita

363 5705 529 5770 praefatorias
546 5705 606 5757 illas
623 5713 783 5758 commentus
805 5715 844 5758 est
865 5708 899 5758 ad
921 5707 1069 5773 exemplum
1087 5723 1183 5766 aarum
1202 5723 1271 5771 qnae
1289 5705 1471 5772 martyrologio
1488 5704 1692 5770 Hieronymiano
1712 5719 1758 5769 pro
1775 5702 1932 5770 praelatione
1951 5707 2022 5761 aunt,

1782 5803 1815 5857 h*
