4658 6576
985 451 1205 507 EPII'OMAE
1857 457 1920 520 245

553 622 779 680 FELIOIANA
1405 621 1486 677 0οΝ
1485 621 1642 678 orsum

264 729 442 794 hereticam
477 729 669 794 suasionem.
728 729 791 795 Hie
815 734 995 814 constituit,
1030 740 1066 797 ut
1119 729 1297 793 hereticam
1313 729 1496 792 suasionem
1515 735 1548 793 et
1563 730 1668 794 nullus
1683 728 1782 793 laicus
1798 731 1920 795 odmen

265 833 370 897 nullus
392 833 492 897 laicus
521 833 642 897 crimen
674 835 790 900 clerieo
814 836 957 902 inferret.
1001 835 1065 901 Hie
1119 833 1236 897 clerico
1274 832 1422 901 inferret:
1467 839 1503 896 ut
1546 832 1689 899 diaconis
1732 833 1919 899 dalmaticas

265 937 439 1018 constituit,
462 941 500 999 ut
519 934 672 1000 diacones
687 936 877 1004 dalmaticas
899 947 1066 1005 uterentur

266 1062 300 1120 et
322 1056 418 1143 pallia
440 1056 603 1120 linostima
628 1060 703 1122 leva
733 1079 843 1124 eorum
866 1066 1064 1147 tegerentur.

265 1175 328 1241 Hic
360 1177 538 1259 constituit,
566 1183 602 1242 ut
628 1178 733 1243 nullus
767 1181 901 1247 elericos
935 1191 1066 1268 propter

266 1301 396 1345 eausam
429 1279 608 1367 quamlibet
643 1283 676 1348 in
708 1284 796 1348 ouria
827 1285 973 1352 introiret
1004 1307 1065 1351 nee

265 1390 341 1447 ente
362 1383 502 1449 iudicem
525 1385 663 1449 cinctum
684 1407 781 1450 causa
805 1387 927 1473 dicerit,
950 1391 1010 1454 nisi
1033 1391 1065 1454 in

265 1487 413 1551 eeclesia.
459 1486 522 1551 Hic
545 1490 718 1570 constituit,

265 1613 301 1670 ut
323 1606 510 1673 sacrificium
538 1611 648 1675 altoris
681 1631 750 1675 non·
776 1611 809 1675 iu
837 1613 930 1678 sirico
958 1635 1064 1700 neque

264 1712 295 1775 in
327 1731 467 1798 pannum
491 1713 625 1777 tinctum
655 1714 875 1780 celebraretur
905 1719 965 1781 nisi
992 1725 1062 1782 tan-

264 1819 331 1877 tum
355 1815 387 1878 in
409 1816 540 1899 lineum,
564 1817 645 1880 sieut
668 1839 783 1905 eorpus
807 1818 926 1884 domini

264 1935 363 1999 nostri
387 1936 462 1999 lesu
486 1935 604 2001 Christi

262 2056 296 2119 in
318 2055 485 2120 sindonem
509 2057 627 2122 lineam
650 2059 795 2144 sepultus
818 2065 881 2125 est:

263 2175 308 2238 sie
331 2176 445 2239 missas
468 2178 720 2244 celebrarentur.

262 2293 326 2359 Hic
341 2297 515 2379 constituit,
538 2305 583 2380 ut,
607 2301 634 2364 si
653 2301 723 2386 quis
740 2300 931 2365 desiderarit
954 2303 985 2365 in
1009 2323 1063 2366 ec-

263 2397 361 2462 elesia
382 2399 520 2465 milltare

262 2526 318 2582 aut
341 2519 508 2605 prolicere,

262 2646 297 2702 ut
320 2647 408 2705 esset
430 2643 531 2709 lector
553 2664 654 2709 armos
677 2644 785 2727 XXX,
809 2650 971 2714 exorcista
993 2648 1063 2715 dies

262 2742 370 2826 XXX,
393 2747 528 2811 acolitus
544 2769 617 2813 ann.
635 2749 675 2829 V,
698 2750 914 2817 subdiaconus
932 2774 1004 2818 ann.
1021 2754 1062 2837 V,

261 2871 369 2929 custus
392 2874 567 2954 martyrum
592 2891 665 2934 ann.
682 2870 723 2949 V,

261 2982 413 3050 diaconus
438 3007 511 3055 aun.
527 2988 603 3070 VII,
627 2992 788 3077 presbiter
809 2993 876 3068 Ill,
908 2995 1061 3080 probatus

261 3108 303 3151 ex
326 3090 412 3154 omni
435 3099 528 3176 parte

260 3214 294 3272 et
317 3211 415 3275 etiam
439 3211 516 3275 foris
539 3214 593 3299 qui
617 3221 691 3279 sunt
704 3216 922 3282 testimonium
939 3218 1061 3283 habere

259 3311 393 3389 bonum;

259 3440 294 3497 et
320 3435 366 3498 sie
395 3435 437 3500 ad
464 3436 609 3502 ordinem
638 3440 844 3526 episcopatus
872 3442 1060 3527 ascendero,

259 3538 380 3602 nullum
404 3541 560 3607 maiorem
573 3542 625 3607 vel
641 3543 757 3628 prioris
771 3544 878 3609 locum
895 3546 1060 3628 invadere,

258 3659 318 3723 uisi
342 3659 488 3724 ordinem
518 3668 700 3749 temporum
732 3684 804 3729 eum
835 3665 958 3752 pudore
982 3688 1059 3753 eog-

259 3782 403 3845 noscere,
427 3765 568 3830 omnium
591 3765 781 3831 clericorum
812 3769 923 3835 votiva
944 3771 1060 3856 gratia,

258 3901 380 3965 nullum
404 3902 534 3966 omnino
558 3903 675 3969 elerico
698 3906 750 3971 vel
773 3904 871 3973 fidele
892 3909 926 3975 in
949 3915 1060 3975 eontra

258 4001 431 4072 dicentem.
474 4004 538 4070 Ilio
570 4007 647 4071 lecit
674 4008 892 4076 ordinationes
908 4011 972 4076 VII
1003 4035 1061 4099 per

257 4128 358 4173 mens.
383 4107 555 4191 Decemb,
592 4112 700 4197 presb.
721 4112 871 4195 XLlIll,
906 4115 1059 4182 diaconos

257 4208 416 4292 XXXVI,
441 4213 611 4301 episcopos
634 4236 694 4301 per
715 4216 787 4281 loca
809 4217 914 4284 LXV.

1118 943 1299 1010 merentum

1119 1613 1155 1671 ut
1177 1607 1366 1670 sacrificium
1391 1607 1501 1672 altaris
1524 1630 1587 1674 non
1611 1611 1644 1674 in
1661 1611 1790 1675 siricum
1812 1631 1918 1696 neque

1118 1711 1149 1774 in
1184 1731 1324 1796 pannum
1359 1711 1491 1774 tinctum
1526 1714 1761 1794 celebraretur,
1795 1714 1854 1778 sed
1887 1716 1919 1778 in

1118 1816 1227 1891 linum,
1251 1815 1333 1877 sicut
1355 1834 1471 1899 corpus
1494 1814 1614 1879 domini

1116 2056 1149 2118 in
1173 2054 1308 2119 sindone
1331 2056 1476 2142 sepultus
1499 2062 1559 2122 est.

1117 2295 1181 2361 Hie
1195 2297 1368 2379 constitnit,
1391 2303 1437 2379 ut,
1459 2298 1485 2361 si
1502 2299 1572 2384 quis
1589 2297 1790 2363 desideraret
1811 2299 1843 2361 iu
1864 2319 1918 2362 ee·

1117 2399 1216 2464 elesia
1238 2401 1386 2483 militare,

1116 2647 1153 2705 ut
1185 2647 1273 2705 esset
1305 2642 1409 2706 lector
1442 2663 1492 2708 au.
1515 2641 1632 2723 XXX,
1665 2645 1826 2708 exorcista
1849 2643 1919 2709 dies

1117 2744 1230 2826 XXX,
1258 2745 1394 2810 acolitus
1425 2767 1475 2810 an.
1491 2746 1533 2827 V,
1563 2746 1779 2812 subdiaconus
1809 2769 1859 2813 an.
1877 2747 1919 2825 V,

1117 2984 1270 3051 diaconus
1294 3008 1347 3051 an.
1364 2986 1440 3070 VII,
1464 2989 1624 3074 presbiter
1647 3010 1698 3056 au.
1715 2987 1775 3071 III,
1798 2990 1917 3075 proba-

1117 3093 1167 3152 tus
1191 3110 1232 3153 ex
1256 3092 1343 3155 omni
1366 3099 1468 3177 parte,

1116 3439 1150 3496 et
1178 3435 1223 3498 sie
1253 3433 1295 3497 ad
1325 3434 1546 3521 episcopatum
1576 3437 1767 3521 ascendere,
1797 3440 1917 3506 nullum

1115 3538 1271 3601 maiorem
1294 3538 1347 3603 rel
1372 3539 1484 3624 prioris
1507 3539 1613 3604 locum
1637 3540 1802 3621 invadere,

1116 3918 1149 3976 et
1182 3914 1304 3979 nullum
1343 3915 1494 3981 clericum
1533 3918 1586 3983 sel
1621 3917 1752 3984 fidelem
1790 3926 1915 3986 eontra-

1115 4014 1287 4084 dieentem.
1343 4018 1406 4083 Hie
1437 4019 1655 4086 ordinationes
1683 4023 1761 4088 feeit
1783 4022 1831 4087 VI
1858 4044 1918 4109 per

1115 4140 1226 4184 mense
1250 4120 1463 4205 Deccmbrio,
1487 4125 1684 4210 presbiteros
1708 4126 1823 4212 XLII,
1846 4126 1916 4192 dia-

1115 4243 1212 4288 conos
1235 4223 1394 4308 XXXVI,
1418 4227 1591 4315 episcopos
1613 4227 1716 4294 LXV.

1114 4359 1218 4426 Huius
1247 4363 1449 4450 temporibus
1477 4364 1555 4430 iecit
1586 4364 1816 4432 Constantinus
1847 4366 1916 4433 Au-

1113 4470 1226 4549 gustus
1254 4466 1421 4533 basilicam
1445 4468 1745 4535 constantinianam
1768 4471 1916 4553 stelias,

1114 4589 1193 4654 quas
1217 4576 1250 4635 et
1273 4572 1408 4650 omarit,
1431 4572 1488 4637 uhi
1511 4574 1619 4659 posuit
1635 4573 1730 4655 dona,
1754 4595 1915 4640 cameram

1113 4694 1156 4736 ox
1169 4693 1257 4755 auro,
1269 4672 1423 4761 deditque
1434 4674 1557 4742 ibidem
1568 4683 1635 4742 tam
1647 4678 1774 4742 invasis
1788 4688 1915 4745 saneto-

1112 4776 1171 4840 arii
1209 4797 1305 4862 quam
1334 4777 1469 4844 diversis
1498 4781 1670 4866 speciebus
1701 4802 1780 4846 auro
1816 4782 1916 4847 libras

1112 4872 1915 4969 OOOCLXXXII,argentolibrasVTlDOXXVI,

1113 4983 1308 5050 candelabra
1343 5007 1386 5052 ex
1420 4987 1581 5052 auricalco
1602 4986 1668 5052 Vll
1702 5009 1745 5053 ex
1779 4998 1915 5077 argento

1111 5088 1302 5171 interclusa,
1339 5097 1513 5176 pensantes
1546 5090 1662 5177 singuli
1695 5091 1794 5156 libras
1823 5091 1915 5175 000,

1110 5201 1257 5257 aromata
1286 5192 1377 5258 annis
1408 5193 1541 5278 singulis
1564 5195 1663 5260 libras
1686 5194 1759 5270 010
1796 5199 1916 5263 cousti-

1111 5295 1235 5382 tuitque
1264 5296 1308 5361 ibi
1341 5298 1374 5361 iu
1401 5296 1612 5362 luminaribus
1642 5298 1814 5364 terretorio
1841 5322 1916 5388 pre·

1110 5404 1216 5464 stame
1245 5421 1304 5485 per
1332 5401 1476 5487 singulos
1505 5420 1608 5465 anuos
1629 5400 1750 5467 solidos
1772 5386 1831 5467 ID.
1877 5404 1916 5469 In

1110 5502 1232 5568 fontem
1257 5524 1350 5585 vero,
1380 5505 1433 5569 ubi
1462 5504 1646 5590 baptizatus
1679 5511 1729 5570 est
1756 5505 1914 5573 Constan-

1111 5607 1195 5671 tinus
1218 5606 1303 5692 Aug.
1327 5628 1347 5671 a
1369 5612 1482 5671 sancto
1506 5606 1682 5690 Silvestre,
1713 5610 1767 5696 qui
1800 5616 1850 5675 est
1873 5632 1915 5676 ex

1110 5711 1242 5775 metallo
1265 5710 1465 5798 parturitieo,
1480 5712 1589 5797 posuit
1603 5711 1649 5777 ibi
1667 5713 1700 5777 in
1717 5715 1916 5779 ornamentis
