4658 6576
969 434 1186 491 nrrronrn
1840 440 1903 502 239

537 604 764 662 FELIOLINA
1386 605 1619 663 OONONIANA

249 722 283 773 et
320 710 412 774 Pauli
450 711 490 775 de
530 710 746 778 Oetaeumbas
779 715 900 780 levavit
938 720 1049 778 noctu:
1105 710 1145 777 de
1170 712 1387 778 Catacumbas
1413 713 1535 778 levavit
1560 721 1671 779 noctu:
1700 716 1903 801 primumque

250 815 387 899 primum
411 814 542 901 quidem
567 838 682 903 corpus
701 820 789 884 beati
805 820 899 883 Pauli
915 824 1049 904 accepto
1104 839 1219 904 corpus
1249 818 1338 882 bcoti
1369 817 1461 881 Pauli
1488 824 1623 904 accepto
1654 819 1751 883 beata
1783 820 1904 884 Lucina

251 918 349 981 beata
383 917 505 983 Lucina
538 922 647 1006 posuit
683 923 715 986 in
748 922 862 1008 predio
896 944 969 1001 suo,
999 922 1051 986 via
1105 923 1213 1008 posuit
1246 922 1278 985 in
1309 920 1423 1006 predio
1454 943 1528 1002 suo,
1558 922 1611 986 via
1635 921 1789 1005 Ostense,
1812 925 1903 989 iuxta

251 1022 406 1102 ostense,
430 1022 521 1087 invto
546 1025 668 1094 locum.
692 1027 747 1091 ubi
775 1027 953 1093 decollatus
983 1033 1050 1100 est;
1103 1027 1219 1105 locum,
1243 1026 1297 1089 ubi
1322 1025 1501 1090 decollatus
1523 1031 1587 1099 cst;
1611 1026 1700 1091 beati
1718 1027 1808 1093 Petri
1833 1051 1903 1092 cor·

251 1125 339 1189 beati
361 1125 452 1190 Petri
476 1130 614 1213 apostoli
642 1131 769 1216 accepit
797 1152 913 1216 corpus
937 1130 1051 1194 beatus
1104 1152 1164 1215 pus
1192 1131 1318 1215 aceepit
1345 1128 1513 1194 Cornelius
1544 1130 1715 1216 episeopus
1739 1137 1772 1195 ot
1796 1132 1903 1217 posuit

251 1228 421 1293 Cornelius
444 1232 614 1318 episcopus
638 1240 672 1298 et
695 1236 802 1320 posuit
820 1235 911 1298 iuxta
933 1234 1052 1308 locum,
1104 1236 1194 1298 iuxta
1216 1235 1333 1313 locum,
1357 1232 1412 1297 ubi
1439 1233 1609 1298 crucifixus
1632 1241 1696 1315 cst,
1726 1235 1810 1299 inter
1833 1257 1903 1300 cor-

251 1333 305 1397 ubi
326 1335 495 1399 crucifixus
512 1343 571 1415 ost,
595 1338 678 1403 inter
700 1358 836 1423 corpora
858 1344 1050 1415 sanctorum
1076 1366 1079 1423 ;
1105 1359 1184 1424 pora
1217 1344 1401 1401 sanctorum
1437 1337 1678 1423 episcoporum,
1714 1338 1747 1401 in
1781 1337 1903 1423 templo

249 1439 281 1501 in
306 1439 460 1523 templum
484 1438 669 1525 Apollonis,
693 1443 724 1505 in
748 1441 858 1505 Monte
881 1461 996 1522 aureo,
1019 1441 1050 1504 in
1104 1440 1289 1528 Apollonis,
1326 1441 1358 1504 in
1392 1439 1503 1504 Monte
1535 1462 1652 1519 aureo,
1682 1442 1714 1505 in
1743 1440 1902 1507 Vaticano

251 1540 445 1606 Vaticanum
466 1544 578 1629 palatii
589 1543 737 1625 Neronis,
755 1544 806 1609 Ill
821 1544 864 1608 kl.
879 1546 938 1609 lul.
974 1546 1051 1609 Post
1105 1545 1221 1630 palacii
1236 1542 1423 1625 Neroniani,
1446 1542 1497 1608 III
1519 1544 1550 1608 k.
1575 1544 1634 1610 Iul.
1678 1543 1773 1609 Fecit
1795 1550 1904 1610 autom

251 1643 312 1707 hoe
327 1644 445 1709 laetum
463 1646 540 1711 feeit
553 1647 787 1713 ordinationem
801 1649 826 1729 1,
843 1650 950 1735 presb.
960 1648 1050 1712 VIII.
1105 1647 1339 1712 ordinationem
1362 1668 1469 1728 unam,
1492 1648 1599 1733 presb.
1615 1644 1708 1714 VIII.

1107 1786 1183 1849 l'ost
1220 1785 1281 1850 lroc
1321 1786 1499 1850 ambulavit
1533 1793 1630 1850 noctu
1664 1785 1903 1853 Centumcellis.

1104 1888 1153 1951 Eo
1177 1894 1322 1973 tempore
1353 1888 1475 1953 audivit
1497 1888 1632 1959 Decius.
1661 1911 1701 1955 co
1724 1890 1811 1976 quod
1834 1893 1901 1977 opi·

1104 1993 1219 2056 stolam
1243 1993 1424 2078 accepisset
1447 2015 1466 2056 a
1489 1994 1586 2058 beato
1611 1993 1773 2080 Cypriane
1789 1994 1904 2059 Carta-

1105 2096 1231 2181 gincnsi
1253 2098 1423 2182 cpiscopo;
1446 2096 1713 2162 aOontumcellis
1737 2119 1811 2164 cum
1835 2099 1904 2162 oxi·

1105 2198 1183 2264 bere
1207 2200 1284 2264 lecit
1314 2200 1469 2287 iussitque
1496 2207 1594 2266 noctu
1622 2201 1682 2265 sibi
1705 2202 1905 2287 praesentari

1105 2301 1280 2388 dicensque
1296 2304 1340 2367 ci:
1366 2304 1411 2368 sic
1428 2303 1576 2385 definisti,
1598 2310 1633 2368 ut
1656 2325 1717 2369 noc
1734 2303 1812 2368 deos
1828 2325 1904 2368 con-

1105 2405 1219 2470 sideris
1241 2428 1301 2471 uec
1322 2414 1500 2494 praecepta
1515 2409 1672 2472 maiorum
1696 2429 1757 2473 nce
1779 2414 1905 2473 nostras

1105 2511 1208 2574 minas
1223 2510 1348 2591 timeas,
1372 2516 1535 2576 utcontra
1555 2532 1624 2575 rem
1640 2512 1802 2598 publicam
1818 2512 1904 2576 litte-

1107 2634 1157 2677 ras
1173 2613 1313 2698 accipias
1330 2620 1363 2678 ct
1380 2614 1520 2699 dirigas?
1538 2613 1707 2679 Cornelius
1722 2613 1905 2702 rospondit:

1107 2737 1169 2802 ego
1208 2715 1250 2780 de
1289 2738 1408 2782 corona
1451 2717 1571 2784 domini
1616 2719 1741 2784 litteras
1783 2719 1906 2804 occepi,

1106 2840 1170 2883 non
1200 2826 1311 2884 contro
1344 2842 1414 2886 rem
1446 2822 1620 2907 publicam.
1674 2822 1764 2887 Tunc
1786 2821 1906 2887 Decius

1107 2925 1198 2989 iussit
1220 2945 1256 2987 os
1279 2925 1348 2989 cius
1378 2946 1450 2989 cum
1478 2926 1653 3011 plumbatis
1681 2924 1753 2991 cedi
1777 2930 1811 2988 ct
1834 2924 1907 2989 daei

1108 3049 1181 3092 cum
1206 3027 1248 3093 ad
1271 3029 1426 3114 templum
1450 3028 1574 3109 Martis,
1597 3036 1633 3094 ut
1654 3027 1806 3093 adoraret

253 3166 315 3241 oui
332 3167 431 3231 etiam
445 3166 624 3231 decollatus
640 3172 690 3230 est
705 3166 747 3231 ad
761 3168 915 3252 templum
930 3167 1052 3234 blartis.
1108 3172 1165 3231 aut
1184 3166 1290 3250 capite
1307 3173 1520 3232 truncaretur:
1546 3186 1629 3252 quac
1653 3166 1821 3231 etinctum
1847 3172 1906 3231 est.

254 3288 352 3353 Cuius
375 3309 490 3373 eorpus
1109 3287 1235 3372 Corpus
1257 3308 1334 3352 voro
1358 3289 1426 3352 eius

252 3415 349 3474 noctu
372 3409 504 3494 collegit

253 3530 351 3594 bonta
373 3528 497 3594 Lucina
518 3535 552 3594 ot
574 3530 722 3616 sepelivit
1110 3527 1208 3593 beata
1231 3526 1353 3591 Lucina
1376 3528 1525 3613 sepelivit

252 3649 410 3736 incripta

253 3772 344 3836 iuxta
367 3771 522 3836 cimiterio
545 3770 677 3854 (inlecti,
1108 3768 1199 3833 iuxta
1221 3769 1411 3833 cimiterium
1435 3770 1557 3851 calisti,

253 3893 306 3957 via
328 3891 447 3978 Appia,

253 4014 285 4077 in
307 4012 420 4098 predio
444 4035 512 4093 suo,
536 4013 651 4078 XVIII
676 4014 718 4079 kl.
736 4014 806 4079 Oet.
853 4013 894 4078 ut
917 4014 1055 4078 cessavit
1109 4011 1140 4074 in
1163 4010 1297 4095 praedio
1321 4032 1390 4091 suo,
1413 4010 1528 4075 XVIII
1553 4011 1583 4075 k.
1601 4012 1716 4076 Oetob.
1762 4011 1909 4076 (iessavit

255 4117 460 4202 episcopatus
483 4116 553 4182 dics
575 4116 694 4181 LXVI.
1110 4116 1315 4202 episcopatus
1338 4114 1407 4180 dics
1429 4114 1549 4179 LXVI.

297 4328 384 4374 xxru.
407 4307 535 4388 Lvorvs,
559 4308 688 4372 natione
705 4307 880 4385 Romanus,
904 4330 947 4372 cx
963 4314 1054 4394 patre
1154 4304 1394 4387 truchsess,
1432 4306 1562 4369 natione
1601 4304 1780 4385 Romanus,
1817 4311 1909 4390 patro

255 4412 418 4491 I‘urlurio‚
442 4410 526 4474 sedit
548 4432 620 4475 ann.
637 4411 688 4476 lII
712 4434 812 4477 ruens.
828 4412 877 4478 Ill
902 4411 971 4476 dies
994 4410 1055 4475 III.
1113 4408 1262 4491 Purfirio‚
1291 4407 1376 4473 sedit
1405 4430 1456 4472 an.
1473 4408 1523 4472 llI
1551 4429 1650 4472 mens.
1667 4408 1752 4473 VIII
1777 4407 1845 4472 dics
1868 4408 1908 4472 X.

256 4515 412 4602 Martyria
435 4521 615 4579 coronatur.
662 4514 737 4580 Fuit
755 4515 953 4602 temporibus
969 4514 1054 4580 Gelli
1111 4513 1264 4599 Illartyrio
1289 4522 1469 4578 coronatur.
1515 4512 1591 4575 Fuit
1620 4519 1729 4576 autem
1754 4512 1909 4597 tempori-

257 4624 290 4682 et
305 4617 473 4683 Volusiani
496 4639 598 4704 usquc
613 4617 843 4684 adValeriano
862 4619 910 4683 Ill
930 4625 962 4683 et
977 4618 1054 4684 Gal·
1112 4616 1170 4681 bus
1194 4617 1280 4683 Galli
1311 4625 1344 4681 ct
1367 4616 1534 4681 Volusiani
1562 4637 1664 4701 usque
1694 4614 1735 4679 ad
1759 4614 1908 4678 Valeria-

255 4721 370 4785 licano.
416 4721 525 4786 Ilicin
543 4722 639 4787 exilio
658 4722 726 4787 tuit.
772 4723 893 4787 Postea
908 4730 986 4787 nutu
1003 4722 1055 4788 dei
1111 4741 1186 4784 uum
1209 4721 1260 4786 Ill
1297 4730 1330 4785 et
1364 4719 1576 4785 Gallicanum.
1634 4720 1685 4784 Ab
1710 4718 1808 4783 exilio
1832 4724 1910 4782 notu

255 4825 422 4889 incolomis
446 4825 488 4889 ad
512 4827 683 4891 ecclesiam
712 4848 859 4891 reversus
888 4834 946 4891 est.
992 4827 1055 4892 llic
1111 4824 1162 4888 dei
1196 4823 1238 4888 ad
1268 4824 1439 4889 ecelesiam
1475 4823 1641 4887 incolomis
1673 4842 1823 4887 reversus
1853 4825 1911 4884 est.

256 4929 412 5015 precepit,
436 4935 471 4993 ut
496 4929 559 4994 duo
582 4931 753 5016 presbiteri
783 4938 816 4995 ct
839 4938 904 4994 tres
929 4930 1056 4995 diaconi
1081 4950 1084 4999 r
1110 4928 1173 4993 Hie
1196 4929 1353 5014 precepit,
1377 4936 1412 4992 ut
1435 4927 1499 4993 duo
1522 4927 1693 5013 presbiteri
1710 4933 1743 4991 et
1760 4932 1825 4990 trcs
1841 4923 1910 4987 dia-

256 5032 399 5097 inomni
428 5033 535 5098 locum
565 5035 753 5121 episcopum
782 5055 845 5098 nou
868 5031 1057 5098 desererent
1111 5033 1182 5097 coni
1204 5034 1235 5096 in
1259 5032 1346 5097 omni
1375 5032 1447 5096 loeo
1477 5032 1665 5117 episcopum
1689 5052 1751 5095 non
1777 5030 1909 5094 deserc-

254 5143 388 5222 propter
410 5138 628 5202 testimonium
1111 5144 1183 5201 rcnt
1206 5145 1337 5222 propter
1361 5134 1587 5200 testimonium.

257 5257 487 5322 ecclesiastico.

257 5376 320 5450 Qui
344 5378 442 5442 etiam
466 5378 674 5445 aValoriano
696 5382 802 5467 eapite
819 5387 984 5446 truncatus
1008 5359 1061 5445 ost
1111 5378 1174 5443 Hic
1199 5400 1219 5441 a
1233 5378 1408 5442 Valeriano
1432 5377 1538 5462 capite
1562 5382 1726 5440 truncatur
1748 5372 1814 5438 llll
1838 5394 1911 5436 non.

255 5480 325 5545 IIII
346 5501 419 5544 non.
444 5481 537 5548 Mart.
1110 5482 1205 5547 Mart.

1110 5603 1173 5670 Hic
1196 5603 1271 5668 dum
1288 5600 1330 5666 ad
1346 5601 1530 5687 passionem
1546 5597 1701 5686 pergerit,
1716 5604 1912 5686 potestatem

1112 5707 1203 5774 dedit
1219 5705 1387 5792 Stephano
1402 5702 1629 5769 archidiacono
1648 5703 1807 5768 ccclesiae
1823 5722 1911 5767 suae.
