4658 6576
912 421 1198 479 Pnonueouuun

516 661 720 729 conluunt
742 662 922 731 OLASSIS
945 664 1115 731 TERTIA
1139 663 1580 735 OONTAMINATORVM.

325 799 569 866 Contaminatos
603 801 746 887 corporis
778 801 912 867 huiusce
947 801 1076 868 codices
1109 823 1166 868 eos
1201 806 1422 890 appellamus,
1458 807 1513 892 qui
1546 804 1691 892 pendent
1726 825 1746 870 a
1773 805 1877 870 classe

219 905 365 973 secunda
385 907 446 990 ita,
468 912 504 970 ut
526 907 676 972 vitiorum
703 906 771 970 eius
794 927 947 991 magnam
974 913 1103 993 partem
1126 909 1244 994 stipsi
1267 908 1428 990 habeant,
1458 909 1517 973 sed
1539 909 1684 976 habeant
1705 914 1879 996 praeterea

219 1011 306 1076 inter
327 1009 440 1076 sordes
462 1010 581 1075 multas
605 1016 637 1075 et
660 1010 804 1076 diversas
821 1012 913 1076 utiha
929 1012 1090 1098 quaedam
1107 1017 1141 1076 et
1157 1015 1286 1078 omnino
1303 1015 1454 1099 genuina,
1477 1015 1542 1080 alia
1564 1021 1684 1080 testata
1706 1020 1879 1101 praetcrea

221 1116 374 1201 epitomis
387 1115 467 1199 ΕΚ,
496 1115 561 1180 aha
584 1135 642 1180 sua
664 1115 696 1180 ri
719 1120 754 1179 et
775 1114 884 1180 indole
912 1117 991 1180 satis
1019 1115 1164 1180 defensa.
1211 1115 1540 1205 Comprehenduntur
1568 1140 1608 1184 eo
1639 1117 1751 1183 ordine
1774 1117 1879 1182 missis

219 1219 385 1285 inutilibus
408 1226 442 1284 et
463 1218 640 1284 minoribus
654 1219 828 1285 Beruenais
845 1223 907 1286 408
925 1252 964 1277 =
986 1218 1031 1286 0³
1046 1241 1131 1285 saec.
1147 1220 1208 1300 IX,
1233 1223 1288 1308 qui
1312 1224 1387 1310 quia
1409 1225 1541 1309 propius
1565 1244 1662 1310 quam
1685 1222 1801 1309 reliqui
1823 1242 1878 1285 ac·

221 1323 309 1388 cedit
330 1323 374 1390 ad
397 1324 597 1410 exemplaria
617 1324 728 1388 classis
750 1324 912 1388 secundae
936 1345 1027 1410 pura,
1052 1345 1151 1411 supra
1174 1346 1247 1390 cum
1269 1327 1320 1390 his
1343 1327 1521 1392 recensitus
1545 1333 1595 1391 est
1617 1332 1651 1390 et
1673 1326 1725 1390 hic
1749 1345 1877 1411 quoque

219 1426 278 1493 ubi
299 1428 339 1493 cl.
355 1427 389 1492 ll
411 1429 507 1493 lectio
530 1427 679 1510 retertur,
703 1448 753 1511 ea,
776 1429 836 1493 nisi
852 1429 1046 1493 contrarium
1068 1435 1228 1513 mouetur,
1247 1430 1293 1495 0³
1317 1451 1445 1517 quoque
1476 1430 1779 1517 comprehenditur;
1808 1429 1878 1514 epi-

219 1538 310 1598 tome
332 1529 530 1615 Oenopiam,
554 1538 713 1618 quatenus
736 1553 801 1597 nou
823 1532 947 1619 pendet
970 1554 1013 1597 ex
1035 1534 1224 1599 recensione
1242 1535 1369 1620 priore;
1393 1534 1457 1600 duo
1479 1535 1553 1600 libri
1570 1555 1613 1598 ex
1629 1534 1746 1599 eodem
1762 1533 1877 1598 arche-

220 1644 301 1723 typo
318 1635 469 1722 descripti
484 1635 662 1700 Vaticanus
685 1638 768 1701 3761
788 1669 826 1690 =
847 1635 879 1700 G
900 1658 986 1702 saec.
1003 1636 1096 1721 xlxi
1120 1644 1154 1702 et
1176 1638 1412 1703 Laurentianus
1436 1642 1488 1719 66,
1505 1640 1545 1702 35
1570 1670 1609 1692 --
1625 1638 1660 1702 E
1665 1640 1678 1678 ⁶
1700 1658 1785 1703 saec.
1801 1635 1879 1703 XV:

220 1740 328 1805 codex
343 1739 520 1804 Vaticanus
535 1743 619 1805 3764
637 1771 676 1795 =
693 1739 747 1803 Ει
763 1760 848 1807 saec.
864 1740 915 1806 XI
936 1740 1085 1826 pendens
1108 1762 1128 1806 a
1151 1742 1277 1807 dnobus
1300 1742 1390 1807 libris
1414 1742 1517 1807 altero
1534 1742 1676 1829 gemello
1699 1742 1801 1806 nostri
1820 1739 1878 1820 0³,

221 1845 326 1911 altero
342 1844 502 1909 similhmo
518 1849 700 1909 nostrorum
718 1843 803 1908 affl
825 1851 859 1909 et
881 1865 954 1910 cum
977 1852 1125 1910 auctores
1146 1845 1325 1911 habeamus
1340 1847 1411 1932 ipse
1434 1867 1506 1911 raro
1522 1847 1619 1912 utilis.
1663 1845 1717 1910 Ad
1740 1842 1878 1910 eandem

220 1949 356 2036 stirpem
382 1949 461 2013 item
491 1947 665 2014 referenda
692 1956 766 2013 sunt
787 1948 971 2034 fragmenta
999 1950 1200 2015 Farnesiana
1223 1983 1262 2005 =
1287 1951 1339 2015 Ε5
1362 1972 1447 2018 saec.
1463 1951 1512 2015 IX
1545 1957 1579 2017 et
1602 1956 1757 2036 excerpta
1780 1947 1877 2013 Muti-

218 2055 333 2119 nensia
347 2073 431 2117 saec
446 2051 553 2138 vllsv
555 2051 616 2116 111.
648 2050 939 2118 Contaminationis
955 2055 1034 2133 eius,
1051 2075 1133 2139 quae
1150 2054 1224 2118 huic
1241 2055 1345 2119 ordini
1361 2056 1520 2140 originem
1536 2054 1636 2134 dedit,
1652 2075 1725 2119 cunr
1741 2050 1879 2136 vestigia

216 2157 284 2221 iam
306 2160 486 2242 appareant
506 2155 539 2220 in
555 2157 718 2242 excerptis
734 2156 970 2223 Mutinensibus
986 2157 1032 2244 (p.
1048 2156 1185 2242 XCIV),
1202 2157 1348 2223 ascendit
1372 2160 1502 2223 omnino
1526 2158 1568 2223 ad
1586 2159 1751 2223 saeculum
1775 2156 1877 2242 septi·

217 2281 307 2325 mam
330 2266 512 2325 extremum
528 2261 581 2324 vel
603 2260 760 2345 incipiens
784 2266 944 2326 octavum.
990 2262 1041 2326 De
1064 2261 1173 2327 indole
1197 2263 1264 2326 eius
1289 2272 1322 2325 et
1345 2261 1386 2326 de
1409 2262 1568 2327 librorum
1590 2263 1623 2326 in
1647 2281 1728 2348 quos
1750 2258 1877 2325 radices

217 2365 287 2450 egit
308 2364 540 2431 convenientiis
563 2370 599 2428 ut
620 2370 709 2429 recte
731 2364 902 2445 iudicetur,
917 2365 952 2430 id
975 2365 1061 2451 quod
1076 2386 1154 2430 sane
1172 2365 1303 2431 difficile
1320 2371 1379 2447 est,
1398 2366 1522 2452 placuit
1538 2365 1682 2429 locorum
1702 2371 1769 2429 tam
1787 2369 1876 2428 recte

218 2467 465 2534 emendatorum
481 2473 690 2533 auctorumve
707 2490 803 2554 quam
817 2470 1085 2556 interpolatorum
1104 2477 1137 2534 et
1152 2476 1375 2557 corruptorum
1390 2469 1530 2534 indicem
1548 2469 1696 2534 subicere
1714 2467 1878 2553 adscripta

217 2572 263 2637 ad
283 2572 428 2660 singulos
450 2572 653 2637 anctoritate.
698 2572 897 2656 Probabilia,
921 2594 1004 2659 quae
1028 2574 1060 2637 in
1076 2574 1300 2639 contaminatis
1315 2575 1530 2660 reperiuntur,
1548 2573 1710 2638 asteriscis
1727 2570 1878 2637 distinma

217 2683 292 2741 sunt
315 2675 506 2762 duplicibus,
528 2676 585 2741 ubi
606 2675 723 2740 adsunt
745 2677 778 2741 in
796 2677 853 2760 0³,
876 2678 1027 2765 singulis,
1050 2678 1106 2742 ubi
1129 2679 1181 2743 hic
1203 2679 1287 2743 liber
1310 2698 1350 2742 ea
1372 2698 1438 2742 non
1460 2677 1570 2742 habet.
1607 2715 1649 2724 -
1684 2676 1877 2741 Lectionum

216 2780 332 2847 harum
355 2781 607 2867 compositarum
630 2780 672 2844 ad
695 2780 958 2846 determinandas
980 2782 1127 2847 codicum
1149 2782 1323 2847 affinitates
1346 2788 1379 2846 et
1401 2783 1621 2867 proprietates
1642 2786 1768 2866 partem
1792 2800 1877 2860 eam,

217 2903 302 2970 quaa
317 2890 406 2949 recte
423 2882 593 2949 videbatur
608 2882 650 2948 ad
662 2884 804 2969 singulos
816 2883 945 2950 codices
960 2886 1065 2970 aptari
1081 2905 1187 2970 posse,
1200 2906 1297 2971 supra
1312 2885 1539 2972 praecepimus
1554 2885 1588 2949 in
1609 2905 1722 2949 eorum
1739 2902 1877 2947 recensu

217 2995 254 3054 et
281 2988 501 3063 enarrationa;
530 2987 613 3052 infra
640 3008 723 3074 quae
756 2987 951 3053 exhibentur
978 2990 1123 3053 consulto
1153 3008 1218 3053 non
1245 2988 1287 3053 ad
1316 2990 1436 3053 classes
1466 2988 1677 3074 digessimus,
1712 2986 1771 3050 sed
1799 3007 1875 3073 pro·

216 3093 384 3181 posuimus
407 3092 591 3166 coniuncts;
615 3092 661 3156 ita
684 3092 771 3156 enirn
786 3092 838 3156 hic
853 3093 1015 3179 permixta
1037 3099 1112 3157 sunt
1133 3092 1351 3179 persingulas
1374 3092 1443 3157 fere
1467 3092 1567 3157 libros
1589 3092 1676 3157 bona
1698 3097 1733 3155 et
1747 3092 1874 3171 vitiosa,

216 3203 254 3263 ut
288 3197 396 3262 omnia
425 3196 519 3262 simul
551 3195 778 3281 expendantur
807 3216 941 3261 necasse
973 3202 1031 3260 est.
1077 3194 1376 3261 contaminatorem
1405 3197 1570 3283 scripsisse
1600 3195 1710 3261 Lucae
1734 3196 1874 3261 fortasse

214 3300 293 3367 inda
316 3300 463 3382 afficitur,
486 3299 574 3386 quod
590 3300 725 3363 Lucium
741 3300 929 3386 episcopum
946 3303 1027 3381 3²,2
1049 3321 1108 3385 pro
1131 3299 1280 3364 Romano
1304 3300 1382 3365 fecit
1406 3299 1547 3364 Tuscum
1568 3300 1606 3364 de
1628 3301 1755 3365 multata
1770 3300 1872 3376 Iacca,

215 3415 343 3496 patrem
370 3426 500 3494 quoque
530 3406 561 3471 ei
588 3405 771 3491 adsignavit
799 3428 858 3492 pro
891 3406 1071 3492 Porphyrio
1102 3405 1279 3484 Luoinum;
1307 3407 1395 3471 lusus
1424 3407 1458 3470 in
1480 3405 1665 3470 nominibus
1688 3424 1760 3468 oum
1784 3404 1871 3468 clare

214 3518 376 3600 appareat
395 3531 457 3576 neo
479 3509 619 3575 dubitari
641 3510 743 3595 possit
766 3508 807 3573 de
823 3511 1072 3595 interpolatione
1090 3509 1248 3575 redeunte
1265 3509 1429 3595 adipsum
1446 3509 1737 3574 contaminatorum
1753 3507 1868 3572 arche·

213 3623 340 3704 typum,
362 3635 461 3681 causa
483 3614 548 3679 alia
568 3616 624 3679 vix
645 3615 766 3700 poterit
788 3615 925 3700 cogitari
948 3636 1045 3701 quam
1068 3615 1194 3700 patriae
1219 3635 1311 3679 amor
1332 3614 1540 3680 inconsultus.

371 3719 411 3758 ⁸*
435 3719 553 3800 Spatia
574 3719 812 3802 episcopatuum
834 3720 870 3783 in
892 3720 1118 3784 camminatis
1140 3719 1285 3783 omnibus
1307 3717 1427 3802 (ΟἛ8
1449 3723 1479 3783 et
1500 3722 1658 3798 quatenus
1681 3716 1874 3796 perueniunt

525 3821 592 3888 GE
597 3825 618 3901 ⁸,
641 3822 715 3887 item
736 3823 772 3888 in
787 3821 822 3887 Ε
828 3823 849 3902 ¹,
871 3824 927 3888 sed
947 3823 1079 3904 receptis
1100 3823 1137 3886 in
1158 3822 1244 3886 bunc
1266 3821 1383 3887 librum
1404 3823 1478 3887 uem
1505 3820 1648 3886 numeris
1668 3818 1869 3903 culparibrm)

519 3927 646 4007 pariter
676 3932 770 4008 atque
802 3927 838 3991 in
865 3928 995 4008 epitmne
1021 3927 1208 3993 Cononiana
1238 3926 1441 4008 aliquantum
1466 3925 1618 3989 recedunt
1643 3923 1683 3987 ab
1716 3924 1759 3987 iis
1791 3943 1874 4005 puae

525 4029 640 4094 habent
666 4030 702 4095 cl.
719 4031 742 4095 1
760 4037 790 4096 et
812 4030 863 4110 II,
885 4030 1004 4095 scilicet
1023 4031 1152 4113 faciunt
1182 4032 1218 4095 in
1234 4035 1330 4111 parte
1345 4032 1456 4111 priore
1486 4048 1604 4111 mapna
1627 4048 1666 4093 eu
1682 4033 1777 4110 parte
1799 4047 1872 4090 cum

523 4135 666 4199 numeris
691 4135 827 4218 casalopi
853 4136 1037 4214 Liberium,
1065 4136 1102 4200 in
1117 4136 1293 4216 posteriore
1319 4156 1391 4199 cum
1412 4133 1536 4198 Indicis
1558 4130 1790 4212 exemplaribus
1811 4135 1873 4195 aut

525 4238 670 4325 omnibus
690 4244 750 4303 aut
771 4240 995 4304 uetustioribus

370 4341 410 4381 ”
433 4345 493 4425 3,s
515 4341 568 4407 hic
595 4343 755 4408 ordinauit
861 4349 920 4424 4,4
943 4349 1017 4430 post
1043 4344 1127 4409 hanc
1160 4342 1406 4430 dispositionem
1434 4337 1599 4426 martyrio]
1630 4340 1681 4405 hio
1714 4338 1869 4424 martyrio

523 4445 597 4530 (om.
620 4446 767 4531 reliques)
792 4446 921 4513 0313Μ
943 4469 1015 4512 cum
1029 4447 1112 4513 FK:
1140 4468 1241 4530 supra
1256 4468 1292 4528 p.
1313 4446 1376 4512 ΟΧ
1384 4445 1413 4508 V
1434 4447 1502 4510 iam
1523 4444 1686 4509 observavi
1707 4442 1809 4508 locum
1832 4442 1871 4507 dc

524 4549 608 4616 Isino
629 4557 660 4615 et
683 4550 769 4617 Cleto
791 4553 944 4634 episcopis
966 4553 1121 4618 imertum
1142 4574 1207 4618 esse
1228 4552 1330 4617 videri
1350 4571 1372 4615 a
1393 4551 1535 4635 comere
1563 4549 1755 4632 recopnitore
1778 4546 1870 4611 adbi-

524 4653 587 4719 bita
609 4654 730 4735 Rufino

434 4762 494 4842 6,»
515 4779 626 4824 menae
651 4756 828 4846 decembri]
851 4759 977 4825 addunt
998 4759 1081 4825 Eas
1102 4782 1174 4825 cum
1189 4759 1259 4825 ΓΚ

371 4860 410 4899 ‘⁸
435 4864 492 4944 7,r
515 4862 567 4927 hic
589 4882 632 4927 ax
653 4870 829 4949 praecepto
964 4868 993 4948 7,
1010 4889 1035 4928 m
1058 4863 1197 4929 ordinati
1225 4884 1284 4928 orn.
1306 4862 1366 4928 0³:
1399 4860 1486 4927 locus
1518 4882 1553 4925 re
1584 4862 1773 4927 coniunctus
1800 4880 1871 4924 urm

522 4970 581 5045 3,r
602 4965 701 5030 simul
720 4988 792 5032 cum
815 4988 849 5033 eo
871 4969 996 5033 uidetur
1018 4969 1161 5033 aductus
1183 4989 1247 5032 esse
1269 4989 1291 5031 a
1311 4967 1503 5048 recopnitore

431 5072 489 5153 7,a
511 5069 592 5135 duas
614 5092 674 5139 om.
690 5070 761 5136 ΚΕ
768 5071 824 5120 ῙΜ

433 5177 465 5257 9,
480 5199 493 5239 a
515 5173 689 5259 ordinauit]
714 5177 878 5241 constituit
892 5176 1034 5242 E‘Mut.

413 5281 490 5363 10,s
512 5278 745 5364 predicatione]
768 5281 990 5365 precationem
1006 5281 1041 5345 E
1047 5282 1085 5320 Μ

412 5386 491 5466 ll,s
512 5382 564 5448 hic
586 5385 750 5449 constituit
772 5381 818 5472 ut]
842 5391 876 5450 et
892 5384 933 5449 K
943 5385 1031 5450 Mur.

344 5483 384 5523 ”
408 5490 447 5550 14
458 5507 527 5574 seq.
550 5487 648 5553 Pium
668 5494 744 5570 post
765 5488 937 5554 Anicetum
963 5489 1115 5554 collocant
1134 5485 1326 5553 0³E¹Mue
1348 5488 1428 5568 (non
1442 5483 1513 5561 w)
1542 5504 1615 5548 mm
1628 5481 1701 5547 ΕΚ
1722 5486 1752 5546 et
1781 5486 1869 5545 eata·

519 5589 585 5675 lopo
600 5592 790 5672 hibericum
815 5615 887 5658 eum
901 5594 1043 5659 ordinem
1055 5592 1158 5674 fuisse
1172 5593 1208 5657 in
1222 5590 1402 5654 recensione
1413 5589 1525 5671 priore
1539 5607 1640 5669 supra
1655 5608 1692 5668 p.
1712 5584 1872 5651 CXVIII

521 5695 666 5761 dimmus
