4658 6576
484 430 578 486 XVIII
1171 428 1458 488 procationibus.

484 606 582 669 immo
608 605 777 671 evidenter
799 605 958 670 habemus
979 605 1033 669 hic
1054 626 1119 669 non
1141 606 1314 690 aequalem
1338 604 1445 670 studio
1470 612 1505 670 et
1520 605 1595 670 odio
1611 606 1793 693 abreptum,
1816 604 1875 670 sed
1895 605 2061 670 hominem
2084 625 2142 669 sua

482 708 604 773 scilicet
626 729 733 774 rerum
755 711 871 774 notitia
898 710 985 774 nulla
1014 710 1204 775 instructum
1229 711 1447 774 narrationem
1475 711 1508 774 in
1537 711 1695 776 chronicis
1724 712 1889 774 inventam
1916 711 2083 774 laxantem
2108 715 2143 774 et

483 811 758 899 pessumdantem.
805 814 884 879 Sola
911 820 1059 878 extrema
1081 815 1220 878 vitarum
1242 834 1318 900 pars
1340 813 1460 879 indicia
1482 815 1625 879 continet
1648 814 1811 900 scriptoris
1834 814 1994 899 aequalis,
2017 819 2054 876 ut
2081 812 2141 877 sub

485 916 641 981 Severino
665 918 779 981 relatio
802 916 844 981 de
860 918 966 982 isacio
991 918 1132 982 exarcho
1155 917 1203 1004 (p.
1223 918 1297 1004 175)
1320 919 1389 982 iure
1411 919 1545 983 laudata
1567 918 1788 984 aDuchesnio
1812 916 1859 1004 (p.
1876 919 1962 997 329).
2001 915 2140 982 Addita-

484 1026 666 1085 mentomm
700 1022 859 1086 rationem
893 1028 1145 1086 consentaneum
1180 1029 1231 1086 est
1264 1021 1425 1086 diversam
1458 1043 1546 1096 esse;
1576 1022 1738 1086 invenitur
1772 1021 1914 1106 exempli
1950 1041 2047 1085 causa
2082 1021 2141 1086 sub

485 1124 599 1188 Leone
616 1124 651 1187 II
673 1127 793 1189 mentio
817 1124 931 1211 synodi
953 1130 1067 1189 sextae
1089 1146 1192 1207 nuper
1218 1126 1254 1189 ia
1280 1127 1368 1208 regia
1396 1126 1473 1190 urbe
1494 1125 1663 1191 celebratae
1686 1124 1731 1212 (p.
1753 1126 1875 1207 idda),
1903 1124 1945 1189 de
1972 1145 2036 1211 qua
2057 1146 2142 1211 quae

483 1229 667 1293 referuntur
688 1229 826 1293 totidem
849 1229 957 1294 verbis
980 1229 1142 1315 descripta
1164 1235 1238 1293 sunt
1261 1249 1304 1294 ex
1327 1229 1466 1314 epistula
1484 1229 1628 1316 episcopi
1651 1229 1719 1293 eius
1742 1249 1826 1315 quae
1851 1235 1957 1299 extat:
1980 1230 2059 1294 item
2081 1229 2141 1294 sub

485 1331 618 1396 Conone
644 1332 688 1418 (p.
706 1334 779 1410 208,
797 1331 835 1417 a)
859 1339 971 1397 auctor
991 1333 1139 1397 meminit
1160 1333 1260 1417 legati
1282 1332 1423 1396 madum
1439 1331 1605 1413 persoluti.

589 1451 642 1517 Ad
665 1474 848 1518 sermonem
872 1453 1010 1540 denique
1027 1453 1114 1540 quod
1130 1454 1254 1534 attinet,
1279 1454 1333 1539 qui
1347 1452 1417 1517 fieri
1432 1454 1584 1539 potuerit,
1599 1460 1636 1517 ut
1658 1452 1700 1516 ad
1717 1472 1834 1517 aevum
1849 1450 2142 1517 Theodericianum

484 1556 674 1638 referretur,
697 1556 775 1620 mihi
802 1576 867 1619 non
893 1557 1005 1642 liquet.
1049 1556 1157 1621 Etiam
1188 1558 1293 1621 minus
1319 1549 1527 1641 intellegitur,
1558 1557 1584 1620 si
1614 1557 1702 1642 prior
1733 1576 1808 1642 pars
1843 1557 1984 1643 corporis
2013 1557 2143 1620 saeculo

484 1662 553 1725 fere
576 1680 639 1724 uno
664 1665 697 1724 et
720 1658 852 1723 dimidio
881 1661 1000 1746 scripta
1026 1667 1076 1724 est
1104 1666 1180 1724 ante
1207 1660 1437 1745 posteriorem,
1474 1659 1561 1744 quod
1589 1679 1650 1745 per
1672 1665 1775 1724 totum
1806 1680 1922 1746 corpus
1950 1680 2057 1724 sermo
2079 1679 2144 1722 non

485 1763 588 1826 solum
611 1762 768 1827 barbarus
792 1770 851 1844 est,
877 1764 935 1828 sed
957 1764 1173 1849 aequabiliter
1194 1764 1350 1828 barbarus
1373 1763 1488 1828 iisdem
1516 1763 1733 1828 locutionibus
1755 1764 1942 1848 vulgaribus
1967 1770 2000 1829 et
2022 1763 2144 1827 vitiosis

485 1868 603 1954 passim
633 1867 851 1931 redeuntibus.
898 1867 1156 1933 Theodericiana
1184 1874 1275 1931 aetas
1297 1887 1502 1952 nequaquam
1534 1872 1624 1930 tanta
1651 1867 1777 1932 inscitia
1798 1867 1872 1949 fuit,
1902 1874 2055 1954 quantam
2084 1885 2145 1952 per

486 1971 623 2036 cuiusvis
646 1972 785 2057 paginae
809 1973 1101 2036 constantissimam
1125 1972 1294 2036 infantiam
1315 1971 1368 2035 hic
1394 1970 1478 2034 liber
1505 1969 1623 2056 prodit.
1668 1969 1718 2034 Eo
1748 1976 1896 2057 tempore
1924 1972 2032 2058 scripti
2060 1971 2144 2051 libri,

486 2081 522 2139 ut
545 2074 729 2138 Cassiodori
757 2076 866 2139 variae
895 2079 929 2139 et
955 2075 1039 2139 liber
1073 2074 1265 2160 episcopalis
1288 2073 1570 2159 symmachianos,
1600 2079 1669 2138 toto
1699 2074 1789 2137 caelo
1820 2073 1979 2138 differunt.
2029 2072 2145 2158 Neque

486 2177 682 2243 Pontificalis
705 2179 841 2264 scriptus
866 2185 916 2242 est
938 2184 974 2242 ut
988 2177 1173 2242 Iordaniani
1195 2179 1228 2242 in
1244 2178 1364 2264 Illyrici
1386 2176 1515 2258 abditis,
1539 2176 1597 2241 sed
1620 2178 1748 2242 omnino
1771 2179 1804 2242 in
1823 2177 1919 2242 Italia
1941 2176 1982 2240 ab
2005 2175 2145 2254 homine,

488 2283 541 2367 qui
558 2282 698 2366 aliquem
723 2282 755 2344 iu
779 2282 864 2345 clero
888 2283 994 2346 locum
1018 2287 1149 2346 teneret
1165 2287 1198 2345 et
1219 2303 1348 2345 suarum
1364 2281 1479 2345 virium
1501 2279 1619 2345 fiducia
1634 2303 1786 2366 magnum
1809 2302 1890 2367 opus
1905 2302 1969 2345 non
1985 2278 2145 2365 aggrede-

487 2391 576 2448 retur
603 2384 721 2464 solum,
752 2384 810 2448 scd
841 2386 939 2449 etiam
963 2385 1152 2471 aequalibus
1182 2385 1346 2471 probaret.
1393 2384 1498 2463 Unus,
1528 2405 1624 2469 quem
1652 2406 1696 2448 ex
1723 2406 1829 2449 rerum
1859 2392 2022 2470 gestarum
2046 2384 2145 2468 scrip·

488 2490 611 2553 toribus
634 2510 707 2554 oum
730 2489 791 2553 hoc
814 2491 944 2554 homine
966 2496 1055 2555 recte
1078 2510 1257 2575 compares,
1282 2490 1309 2553 is
1332 2496 1382 2554 est
1405 2490 1459 2575 qui
1480 2491 1610 2555 saeculo
1629 2490 1694 2554 VH
1718 2489 1825 2555 medio
1848 2488 1999 2553 chronica
2021 2486 2148 2571 scripsit

490 2614 574 2679 quae
599 2591 747 2657 dicuntur
768 2594 1021 2680 Fredegariana.

593 2713 710 2798 Itaque
734 2720 770 2776 ut
793 2714 1036 2796 concludamus,
1061 2714 1101 2779 de
1124 2715 1260 2779 vitarum
1285 2715 1428 2799 corporis
1455 2719 1565 2779 aetate
1584 2715 1703 2778 erravit
1717 2713 1931 2795 Duohesnius,
1954 2717 2042 2777 recte
2064 2711 2147 2775 iudi-

490 2818 576 2881 cavit
598 2815 769 2881 Waitaius.
815 2816 1052 2883 Recensionem
1087 2819 1186 2882 etiam
1218 2818 1356 2904 priorem
1389 2816 1549 2901 Gregorio
1588 2818 1690 2903 primo
1726 2817 1939 2902 posteriorem
1969 2835 2041 2879 esse
2070 2814 2149 2878 mihi

490 2920 618 2984 videtur
652 2925 745 2983 extra
786 2920 918 2984 dubium
954 2943 1041 2996 esse;
1077 2921 1219 2985 secunda
1252 2922 1394 2985 anterior
1426 2927 1475 2984 est
1507 2920 1622 3005 Sergio
1645 2920 1672 2983 I.
1728 2919 2021 3007 Comprehenditur
2051 2919 2149 3004 igitur

490 3025 656 3109 utriusque
679 3024 876 3088 recensionis
893 3026 984 3110 origo
1008 3025 1123 3089 finibus
1139 3025 1260 3089 saeculi
1282 3026 1423 3111 septimi,
1447 3046 1506 3110 per
1523 3023 1609 3110 quod
1629 3023 1797 3110 probabile
1814 3030 1864 3089 ost
1879 3045 1995 3110 corpus
2010 3025 2148 3087 vitarum

491 3149 550 3214 per
572 3127 743 3191 intervalla
767 3129 916 3193 crevisse.
955 3128 1174 3193 Ecclesiastici
1198 3129 1326 3214 spiritus
1350 3135 1383 3192 et
1404 3127 1512 3192 studia
1536 3129 1692 3193 ecclcsiae
1716 3126 1884 3192 Romanae
1907 3133 1944 3191 ut
1965 3127 2147 3190 universum

491 3252 607 3317 corpus
624 3236 751 3314 regunt,
774 3231 820 3294 ita
836 3252 875 3296 eo
892 3232 1021 3295 nomine
1038 3237 1174 3318 utraque
1191 3232 1336 3296 recensio
1360 3231 1505 3317 pariliter
1529 3232 1598 3295 fere
1615 3230 1772 3317 procedit,
1797 3251 1990 3316 quamquam
2007 3227 2149 3293 secunda

491 3336 543 3400 hic
566 3335 632 3399 illic
654 3354 706 3398 res
729 3335 897 3421 ampliavit
919 3341 953 3399 et
981 3334 1179 3412 emendavit,
1207 3341 1244 3399 ut
1271 3357 1302 3420 p.
1320 3337 1412 3413 39,12
1435 3334 1552 3399 Gaium
1580 3336 1766 3420 episcopum
1790 3356 1833 3399 ex
1855 3334 2040 3399 confessore
2063 3353 2148 3396 mar-

492 3449 597 3526 tyrem
627 3437 720 3512 iecit,
755 3460 785 3524 p.
811 3442 891 3520 aas
925 3438 1055 3503 crudele
1090 3438 1249 3524 pontificis
1284 3437 1451 3502 decretum
1486 3444 1597 3502 contra
1631 3437 1750 3502 tradita
1785 3438 1909 3524 aptavit
1942 3437 1984 3501 ad
2017 3445 2149 3501 sanctae

492 3541 579 3607 sedis
608 3541 842 3607 humanitatem
870 3542 1006 3606 solitam.
1052 3541 1189 3607 Gravius
1217 3547 1266 3606 est
1298 3541 1385 3627 quod
1415 3543 1448 3606 in
1471 3543 1536 3606 vita
1560 3542 1706 3606 Silvestri
1732 3563 1764 3628 p.
1781 3545 1832 3623 52,
1847 3568 1869 3623 a,
1900 3541 1956 3605 ubi
1978 3541 2087 3626 agitur
2108 3538 2149 3604 de

494 3646 716 3711 sacerdotibus
745 3646 919 3731 eligendis,
953 3647 1040 3731 prior
1066 3647 1217 3732 requirit,
1254 3651 1290 3709 ut
1317 3667 1424 3732 neque
1455 3647 1590 3711 clericus
1619 3647 1787 3732 quisquam
1817 3645 2016 3710 contradicat
2042 3663 2149 3729 neque

493 3749 615 3832 fidelis,
643 3750 746 3813 altera
774 3749 904 3814 fidelem
935 3750 1071 3813 sustulit.
1116 3750 1155 3813 In
1181 3751 1364 3814 universum
1396 3755 1504 3814 autem
1533 3771 1606 3814 cum
1634 3749 1780 3814 recensio
1810 3748 1965 3829 secunda,
1996 3752 2150 3834 quantum

492 3852 586 3917 nobis
611 3852 722 3917 datum
751 3860 801 3918 cst
823 3874 1012 3940 comparare
1035 3859 1222 3940 utramque,
1250 3854 1380 3917 nonsit
1411 3854 1473 3917 nisi
1500 3854 1589 3939 prior
1611 3853 1729 3939 passim
1757 3850 1981 3938 pessumdata,
2013 3851 2150 3915 fortasse

495 3978 559 4023 non
587 3956 823 4043 separabantur
850 3978 967 4042 magno
996 3958 1151 4044 temporis
1182 3957 1362 4021 intervallo.
1416 3957 1578 4043 Equidem
1612 3957 1752 4043 priorem
1785 3955 2007 4021 recensionem
2040 3954 2151 4040 primis

495 4061 618 4126 saeculi
633 4060 761 4146 septimi
784 4059 947 4125 decenniis
970 4061 1148 4141 tribuerim,
1170 4062 1384 4148 posteriorem
1402 4061 1593 4126 crediderim
1618 4066 1768 4146 coeptam
1791 4079 1863 4123 esse
1879 4058 2009 4123 saeculo
2034 4057 2150 4122 eodem

496 4164 616 4229 medio.
663 4162 776 4227 Donec
799 4163 1003 4229 invenientur
1025 4165 1179 4246 certiora,
1202 4165 1234 4228 in
1257 4164 1308 4229 his
1330 4163 1585 4250 adquiescamus.

992 4933 1225 5029 OAPVT
1266 4932 1653 5028 SECVNDVM.

961 5144 1084 5211 LIBRI
1106 5142 1417 5210 PONTIFIOALIS
1440 5143 1694 5210 annaurim.

605 5282 729 5356 Quibus
759 5284 859 5368 copiis
887 5284 1059 5348 instructus
1081 5286 1194 5345 auctor
1216 5279 1389 5343 accesserit
1416 5279 1458 5344 ad
1481 5287 1576 5365 gesta
1600 5280 1787 5366 pontificum
1815 5281 2036 5347 Romanorum
2060 5303 2152 5346 enar·

500 5388 601 5453 randa
624 5389 793 5474 quaerenti
810 5386 1118 5452 Pseudo-Damasus
1140 5383 1317 5470 respondet
1339 5383 1421 5448 haec
1442 5385 1625 5471 repperisse
1648 5405 1684 5449 se
1706 5406 1784 5449 suae
1805 5386 1889 5449 sedec
1909 5386 2025 5463 stadio,
2047 5385 2082 5450 id
2105 5392 2155 5449 est

503 5494 564 5557 sibi
599 5493 660 5579 ipsi
694 5492 852 5556 ecclesiae
880 5491 1049 5555 Romanae
1083 5489 1236 5575 episeopo
1270 5488 1385 5552 scrinia
1414 5488 1483 5552 cius
1512 5488 1669 5574 patuisse,
1703 5495 1875 5574 praeterea
1909 5496 2057 5554 auctores
2090 5510 2154 5552 non

504 5597 678 5682 adlegans;
702 5597 826 5661 scilicet
847 5595 899 5660 hic
923 5614 1051 5681 quoque
1073 5592 1180 5657 Roma
1207 5593 1315 5656 locuta
1337 5597 1396 5657 est.
1441 5590 1509 5657 Nos
1532 5593 1596 5656 iam
1618 5592 1828 5657 indicabimus
1852 5593 1995 5677 corporis
2016 5593 2155 5657 vitarum

505 5703 685 5783 elementa,
708 5699 742 5765 id
766 5706 817 5764 est
845 5698 923 5785 quid
951 5697 1075 5763 auctori
1098 5696 1167 5762 eius
1190 5694 1232 5759 ad
1262 5715 1377 5761 manus
1398 5695 1497 5761 fuisse
1520 5695 1669 5761 videatur
1695 5694 1737 5760 ad
1766 5695 1884 5761 librum
1906 5695 2155 5782 compilandam,
