4658 6576
1181 436 1461 494 PROLSGOLOENA.

654 614 716 678 hoc
747 613 963 677 anathematis
988 614 993 695 Ι
1018 633 1053 677 se
1077 615 1082 689 Ι
1108 612 1242 677 vinculis
1274 613 1443 676 inretisset.
1474 613 1480 691 Ι
1506 632 1565 697 pro
1595 610 1710 675 diebus
1741 617 1851 676 autem
1877 610 2084 696 paschalibus
2105 609 2148 674 ab

652 717 800 782 omuibus
830 737 935 803 paene
960 719 965 802 Ι
991 719 1039 782 vir
1065 716 1258 781 venerabilis
1289 715 1405 781 Petrus
1433 715 1585 780 Altinatis
1615 717 1785 801 episcopus
1811 715 1817 798 Ι
1844 735 1864 778 a
1891 733 1971 800 rege
2002 713 2149 778 visitator

655 822 813 886 ecelesiae
835 820 1004 886 Romanae
1027 820 1212 905 deposcitur
1231 820 1236 903 Ι
1256 825 1290 884 et
1311 827 1386 906 post
1412 825 1556 884 sanctam
1579 819 1788 884 festivitatem
1817 816 1959 904 synodus
1979 818 2013 881 iu
2033 816 2148 882 urbem

652 924 793 989 Romam
816 946 874 1011 pro
897 926 1062 990 voluntate
1086 930 1216 989 senatus
1239 930 1273 988 et
1295 926 1373 989 oleri
1396 924 1530 989 iubente
1553 944 1632 1008 rege
1656 923 1697 987 de
1721 924 1792 987 eius
1814 921 2005 987 excessibus
2025 919 2147 985 iudica-

653 1037 725 1094 tura
747 1031 897 1093 convenit
925 1036 1022 1115 atque
1051 1028 1084 1092 id
1113 1030 1220 1114 agitur
1238 1031 1244 1110 Ι
1263 1050 1283 1092 a
1304 1030 1464 1093 nonnullis
1493 1029 1653 1114 episcopis
1676 1035 1710 1092 et
1732 1025 1948 1115 senatorih[us
1975 1023 2146 1114 tlan[tu]m,
2177 1049 2190 1088 ι

650 1130 873 1219 Symmac[hus
903 1129 956 1219 ne]
977 1135 988 1211 ΙΙ
1011 1131 1195 1197 audientiae
1218 1132 1420 1213 subderetur,
1446 1138 1450 1210 Ι
1475 1132 1537 1196 hoc
1558 1132 1665 1218 palam
1689 1154 1748 1218 pro
1771 1133 1841 1196 eius
1870 1130 2058 1195 defensione
2081 1131 2148 1194 ela-

651 1235 821 1316 mantibus,
846 1235 933 1321 quod
955 1257 976 1300 a
993 1236 1081 1300 nullo
1104 1236 1206 1322 possit
1220 1236 1385 1301 Romanus
1408 1235 1565 1321 pontifex,
1586 1239 1591 1316 Ι
1611 1235 1739 1300 etiamsi
1761 1235 1835 1300 talis
1851 1235 1901 1315 sit,
1926 1233 2029 1319 qualis
2051 1252 2146 1298 accu-

648 1348 751 1419 satur,
775 1338 887 1403 audiri.
915 1342 920 1421 Ι
947 1338 1007 1404 sed
1034 1341 1204 1405 electiores
1226 1341 1386 1405 antistites
1410 1349 1415 1417 Ι
1441 1347 1507 1403 tam
1534 1360 1593 1425 pro
1621 1339 1786 1425 religionis
1808 1339 1926 1402 intuitu
1945 1340 1950 1419 Ι
1970 1357 2066 1422 quam
2088 1357 2147 1422 pro

649 1433 742 1528 regia
776 1443 916 1506 iussione
950 1442 1126 1507 censebant
1159 1448 1271 1508 tantae
1305 1445 1353 1508 rei
1386 1444 1553 1529 negotium
1581 1463 1687 1528 paene
1721 1442 1842 1528 ubique
1871 1441 2040 1526 vulgatum
2073 1441 2143 1503 sine

649 1547 798 1611 examine
833 1546 1015 1611 nullatenus
1049 1546 1273 1611 deserendum.
1298 1552 1304 1627 Ι
1332 1568 1468 1634 cumque
1498 1545 1639 1633 synodus
1668 1545 1813 1611 subhac
1843 1545 2041 1610 dissonantia
2074 1544 2148 1630 plus
2166 1567 2192 1606 ιι

649 1652 734 1714 inter
755 1657 864 1735 partes
878 1651 1074 1715 ministraret
1088 1651 1233 1715 fomenta
1249 1649 1440 1730 discordiae,
1461 1656 1466 1732 Ι
1486 1650 1617 1715 tandem
1633 1650 1806 1731 constituit,
1829 1656 1867 1712 ut
1888 1648 2027 1728 libellus,
2050 1666 2147 1733 quem

650 1754 832 1819 offerebant
853 1762 1056 1820 accusatores
1079 1754 1273 1841 Symmachi,
1299 1761 1468 1841 susceptus
1490 1757 1575 1819 inter
1589 1761 1684 1839 gesta
1700 1754 1901 1818 sollemniter
1914 1751 2122 1839 panderetur.
2143 1752 2148 1831 Ι

649 1879 712 1944 quo
735 1857 821 1922 facto
845 1879 922 1922 mox
945 1860 950 1941 Ι
973 1880 1033 1944 per
1055 1860 1226 1945 episcopos
1250 1860 1256 1942 Ι
1279 1859 1367 1924 idern
1392 1858 1621 1953 Symmachus,
1649 1865 1685 1922 ut
1713 1864 1897 1922 occurreret
1918 1855 1961 1921 ad
1981 1854 2146 1936 iudicium,

650 1965 846 2028 convenitur.
866 1966 872 2045 Ι
891 1964 950 2029 sed
965 1986 1037 2029 cum
1059 1986 1120 2051 per
1142 1966 1285 2045 clericos,
1309 1966 1364 2051 qui
1379 1967 1410 2030 ei
1432 1964 1660 2044 observabant,
1683 1964 1797 2028 fuisset
1815 1964 1884 2028 eius
1905 1969 2028 2048 negata
2049 1981 2145 2048 prae·

649 2068 764 2148 sentia,
784 2068 788 2147 Ι
808 2068 924 2132 iterum
948 2075 982 2132 et
1003 2069 1098 2133 tertio
1122 2069 1298 2135 secundum
1320 2070 1461 2154 regulas,
1484 2075 1521 2133 ut
1543 2067 1585 2131 ad
1608 2067 1797 2153 synodalem
1819 2067 1991 2131 conveniat
2010 2065 2145 2131 audien·
2167 2083 2191 2122 υ

650 2171 742 2250 tiam,
776 2192 835 2257 per
864 2173 1023 2236 substites
1054 2172 1255 2253 admonetur,
1286 2182 1291 2250 Ι
1323 2173 1510 2258 nullumque
1542 2171 1692 2257 dignatus
1726 2177 1776 2235 est
1805 2169 1883 2235 dare
1913 2190 2113 2255 responsum.
2138 2170 2143 2251 Ι

649 2282 724 2339 tunc
753 2276 906 2362 aliquanti
930 2278 1073 2362 episcopi
1096 2277 1245 2342 videntes
1263 2281 1269 2357 Ι
1288 2278 1367 2342 nihil
1390 2297 1425 2340 se
1447 2276 1481 2340 in
1503 2296 1601 2340 causa
1623 2275 1782 2361 proficere
1802 2276 1807 2355 1
1828 2276 1967 2355 clerum,
2000 2275 2055 2360 qui
2078 2273 2143 2338 dis·

649 2384 792 2443 cesserat
816 2382 820 2455 Ι
845 2399 865 2442 a
888 2382 1048 2445 consortio
1076 2379 1270 2467 Symmachi,
1294 2386 1300 2462 Ι
1324 2383 1426 2446 semel
1450 2383 1455 2462 Ι
1480 2388 1514 2445 et
1539 2381 1656 2445 iterum
1684 2386 1904 2457 commouent,
1935 2385 1972 2443 ut
2000 2378 2042 2443 ad
2077 2398 2152 2443 eum

650 2483 881 2567 praetermisso
905 2489 1087 2547 revertatur
1109 2485 1270 2549 examine.
1291 2485 1296 2564 Ι
1315 2485 1369 2569 qui
1392 2506 1428 2549 se
1450 2506 1657 2571 nequaquam
1679 2484 1741 2548 hoc
1763 2483 1872 2548 facere
1894 2503 1991 2568 posse
2013 2501 2149 2568 respon-

652 2585 709 2666 dit,
729 2588 734 2665 Ι
752 2587 941 2672 priusquam
965 2587 1061 2651 tantis
1084 2587 1267 2652 criminibus
1290 2589 1455 2674 impetitus
1473 2588 1670 2652 discussione
1694 2587 1835 2672 regulari
1855 2588 1860 2665 Ι
1879 2587 1932 2651 vel
1952 2585 2148 2664 absolvatur,
2168 2601 2194 2640 ²⁰

652 2691 679 2754 si
701 2690 855 2754 innocens
876 2690 988 2770 fuerit,
1009 2690 1014 2774 Ι
1034 2691 1101 2771 vel,
1124 2693 1151 2755 si
1173 2712 1247 2756 reus
1271 2693 1425 2772 extiterit,
1451 2695 1455 2770 Ι
1475 2713 1495 2754 a
1517 2691 1699 2756 sacerdotio
1723 2690 1913 2776 deponatur.
1934 2690 1938 2773 Ι
1958 2688 2017 2753 sed
2044 2710 2152 2754 moras

651 2795 795 2879 episcopi
816 2792 896 2881 n[ou
918 2791 1082 2882 ferJentes,
1109 2797 1114 2876 Ι
1142 2816 1213 2858 oum
1236 2795 1385 2860 viderent
1413 2798 1518 2881 magis
1545 2800 1551 2875 Ι
1580 2816 1620 2860 ac
1641 2796 1770 2881 magis!
1795 2793 1901 2859 studia
1925 2792 1929 2877 Ι
1952 2794 1964 2873 Ι
1989 2792 2152 2857 divisionis

650 2899 773 2982 augeri,
789 2918 873 2983 quae
889 2898 950 2963 sihi
967 2899 1058 2962 utilia
1072 2899 1142 2963 visa
1157 2906 1230 2963 sunt
1246 2920 1304 2984 pro
1320 2898 1505 2984 Symmachi
1520 2918 1670 2985 persona,
1688 2898 1884 2962 constituunt
1903 2896 1908 2979 Ι
1929 2902 1962 2960 et
1978 2897 2023 2960 sic
2037 2895 2151 2960 urbem

496 3018 535 3081 ι,
650 3002 682 3065 in
706 3021 832 3064 summa
861 3001 1048 3066 confusione
1081 3001 1315 3088 derelinquunt.
1344 3006 1349 3085 Ι
1376 3003 1481 3067 clerus
1505 3024 1583 3088 ergo
1607 3010 1641 3067 et
1663 3009 1795 3066 senatus
1818 3000 1968 3079 electior,
1998 3001 2052 3085 qui
2075 3021 2151 3064 con-

653 3105 787 3167 sortium
812 3105 971 3168 vitaverat
993 3104 1189 3190 Symmachi,
1209 3107 1213 3181 Ι
1234 3106 1425 3191 petitionem
1448 3107 1518 3191 regi
1540 3126 1599 3191 pro
1621 3125 1761 3191 persona
1775 3105 1933 3168 Laurenti
1956 3103 2074 3189 dirigit,
2098 3104 2152 3189 qui
2169 3128 2195 3168 ss

650 3228 690 3271 eo
728 3215 876 3292 tempore
904 3207 1083 3273 Ravennae
1112 3208 1317 3289 morabatur,
1349 3214 1354 3288 Ι
1386 3208 1573 3294 Symmachi
1606 3209 1794 3273 violentiam
1827 3207 2152 3294 persecutionemque

651 3310 833 3391 declinans,
861 3316 897 3374 ut
919 3312 989 3397 ipse
1012 3311 1180 3376 Romanae
1203 3312 1416 3398 praesederet
1441 3314 1614 3389 ecclesiae,
1645 3313 1702 3378 ubi
1731 3312 1851 3377 dudum
1880 3312 1987 3376 fuerat
2009 3332 2153 3376 summus

651 3414 799 3501 pontifex
816 3413 992 3495 ordinatus,
1012 3419 1018 3495 Ι
1038 3417 1114 3501 quia
1136 3416 1198 3480 hoc
1221 3424 1255 3481 et
1277 3417 1454 3482 canonibus
1478 3423 1565 3481 esset
1587 3417 1742 3498 adfixum,
1760 3416 1765 3497 Ι
1786 3423 1823 3480 ut
1845 3417 2065 3502 unusquisque
2087 3416 2153 3480 illic

651 3525 853 3603 permaneat.
873 3521 878 3595 Ι
898 3519 954 3585 ubi
979 3521 1125 3606 primitus
1148 3528 1198 3586 est
1221 3529 1427 3587 consecratus
1450 3523 1585 3603 antistis,
1609 3522 1672 3602 vel,
1697 3522 1723 3585 si
1747 3521 1941 3607 quibusdam
1964 3521 2153 3586 commentis

652 3620 770 3685 exinde
787 3630 930 3687 remotus
953 3624 1060 3705 fuerit,
1083 3645 1157 3689 eum
1174 3625 1277 3690 modis
1301 3625 1448 3690 omnibus
1472 3647 1544 3690 esse
1560 3624 1788 3690 revocandum.
1810 3627 1815 3706 Ι
1834 3626 1880 3689 sic
1895 3625 2089 3690 Laurentius
2111 3624 2154 3690 ad
2171 3647 2198 3686 so

653 3725 766 3790 urbem
799 3727 932 3791 veniens
961 3749 1021 3813 per
1049 3749 1151 3793 annos
1180 3730 1307 3794 circiter
1335 3736 1488 3816 quattuor
1515 3729 1697 3794 Romanam
1723 3729 1827 3793 tenuit
1856 3730 2037 3794 ecclesiam.
2063 3728 2067 3811 Ι
2093 3749 2153 3814 per

652 3849 735 3914 quae
759 3835 907 3916 tempora
933 3852 1016 3917 quae
1039 3832 1128 3897 bella
1151 3833 1257 3898 civilia
1280 3840 1374 3918 gesta
1396 3835 1459 3898 sint
1483 3837 1488 3907 Ι
1514 3835 1568 3898 vel
1591 3840 1711 3919 quauta
1732 3832 1907 3897 homicidia
1929 3832 2150 3918 perpetrata!

654 3953 718 3997 non
741 3940 791 3997 est
814 3936 978 4018 praesenti
999 3937 1157 4001 relatione
1179 3935 1397 4022 pandendum.
1418 3944 1422 4018 Ι
1443 3937 1585 4023 dumque
1608 3944 1718 4023 partes
1740 3956 1775 4000 se
1798 3941 1911 3999 mutua
1930 3939 1934 4014 Ι
1954 3934 2152 3999 dissensione

652 4034 808 4101 collidunt
826 4040 832 4119 Ι
852 4058 889 4101 ac
916 4059 975 4124 pro
1008 4040 1073 4103 suis
1100 4039 1214 4105 studiis
1240 4042 1354 4126 regale
1381 4039 1578 4126 praesidium
1601 4061 1700 4127 saepe
1725 4040 1915 4124 deposcunt,
1938 4037 1981 4103 ad
2002 4039 2150 4103 ultimum

650 4140 841 4225 petitionem
865 4139 1076 4228 Symmachus
1109 4145 1179 4230 regi
1208 4165 1267 4231 per
1289 4144 1482 4210 Dioscorum
1505 4144 1763 4210 Alexandrinum
1786 4143 1958 4207 diaconum
1981 4141 2155 4208 destinavit
2171 4166 2197 4206 rs

650 4242 805 4308 adserens
824 4253 829 4319 Ι
849 4266 1000 4330 magnum
1020 4247 1081 4312 sihi
1103 4247 1336 4334 praeiudicium
1359 4248 1429 4313 fieri
1446 4255 1480 4314 et
1495 4250 1637 4313 maxime
1654 4248 1695 4314 de
1712 4248 1813 4312 titulis
1830 4247 2051 4326 ecclesiarum,
2073 4266 2155 4332 quos

652 4348 734 4411 iutra
751 4348 866 4412 urbem
884 4349 1080 4415 Laurentius
1098 4351 1276 4436 optinebat.
1297 4353 1302 4436 Ι
1323 4352 1363 4416 ad
1383 4352 1467 4417 hauc
1482 4354 1730 4418 insinuationem
1746 4352 1834 4437 regis
1849 4352 1975 4415 animus
1992 4350 2142 4416 delinitus

651 4452 787 4537 patricio
813 4450 938 4540 n[esto]
956 4457 968 4533 ΙΙ
983 4461 1162 4541 praecepta
1185 4455 1295 4541 dirigit
1314 4456 1320 4537 Ι
1340 4455 1527 4538 admoneus,
1550 4463 1586 4520 ut
1609 4477 1721 4522 omnes
1745 4456 1904 4522 ecclesiae
1932 4456 2015 4519 tituli
2034 4460 2040 4536 Ι
2060 4454 2155 4540 Sym-

653 4555 769 4620 macho
802 4556 1018 4621 reformentur
1043 4557 1049 4642 Ι
1077 4565 1110 4622 et
1140 4580 1239 4623 unum
1266 4558 1392 4624 Romae
1427 4566 1596 4646 pateretur
1624 4581 1696 4624 esse
1730 4560 1926 4646 pontificem.
1952 4562 1958 4637 Ι
1984 4557 2071 4644 quod
2099 4557 2155 4622 uhi

651 4657 848 4723 Laurentius
863 4661 1029 4746 comperit,
1053 4661 1167 4726 urbem
1184 4663 1287 4726 noluit
1302 4662 1453 4728 diuturna
1469 4665 1706 4729 conluctatione
1724 4664 1837 4729 vexari
1856 4666 1862 4743 Ι
1881 4683 1919 4727 ac
1939 4664 1944 4745 Ι
1964 4682 2022 4725 sua
2038 4667 2154 4747 sponte
2171 4691 2198 4730 so

651 4763 684 4826 in
705 4763 847 4848 praediis
869 4766 1037 4829 memorati
1059 4767 1185 4851 patricii
1200 4765 1290 4831 Festi
1310 4772 1314 4847 Ι
1335 4767 1402 4831 sine
1420 4767 1584 4832 delatione
1609 4769 1770 4833 concessit
1788 4771 1794 4847 Ι
1813 4767 1924 4852 ibique
1948 4765 2008 4830 sub
2031 4766 2156 4850 ingenti

651 4865 847 4931 abstinentia
870 4869 1040 4933 terminum
1055 4871 1141 4934 vitae
1164 4872 1295 4935 sortitus
1318 4879 1378 4937 est.
1397 4872 1404 4956 Ι
1424 4871 1654 4958 Symmachum
1675 4893 1753 4937 vero
1781 4870 1990 4958 postmodum
2007 4870 2155 4956 quamvis

653 4970 808 5035 victorem
831 4972 872 5036 de
895 4973 1003 5036 multis
1024 4973 1122 5037 rebus
1143 4973 1232 5038 fama
1247 4974 1446 5040 decoloravit
1465 4978 1470 5059 Ι
1490 4975 1662 5041 obscenior
1684 4983 1718 5040 et
1737 4976 1878 5040 maxime
1901 4972 1943 5039 de
1966 4974 2031 5054 illa,
2055 4994 2152 5060 quam

652 5074 749 5160 vulgo
772 5075 981 5140 conditariam
1004 5077 1198 5159 vocitabant,
1219 5082 1224 5157 Ι
1243 5099 1303 5142 nec
1325 5100 1389 5144 non
1412 5086 1446 5144 et
1469 5079 1510 5144 de
1537 5079 1701 5144 ordinibus
1725 5079 1970 5159 ecclesiasticis,
1995 5098 2076 5163 quos
2099 5099 2154 5142 ac·

653 5179 756 5264 ceptis
779 5181 888 5265 palam
910 5182 1054 5267 pecuniis
1078 5180 1285 5246 distrahebat.
1306 5186 1311 5261 Ι
1331 5204 1389 5267 pro
1413 5183 1529 5269 quibus
1552 5183 1650 5248 rebus
1672 5204 1775 5269 usque
1798 5182 1839 5246 ad
1862 5182 1960 5247 finem
1975 5182 2062 5246 vitae
2086 5184 2156 5246 eius
2173 5211 2199 5250 c

654 5282 791 5346 ecclesia
818 5282 966 5348 Romana
993 5286 1027 5349 in
1058 5284 1230 5350 schismate
1260 5286 1457 5371 perduravit.
1504 5288 1556 5353 hic
1584 5287 1674 5352 beati
1704 5286 1833 5351 hfartini
1865 5286 2035 5350 ecclesiam
2065 5286 2156 5350 iuxta

601 5470 619 5523 5
640 5470 847 5537 senatorispcens
869 5473 1181 5543 eertolhff)l,',¹a(?ln(?)l,‘m
1204 5474 1416 5544 symmach(?)y'j',¹'
1439 5477 1512 5537 cod.,·
1537 5477 1647 5529 restituit
1668 5477 1754 5529 Duclr.
1862 5476 1895 5530 21
1924 5479 2037 5530 extiterit
2059 5478 2157 5544 integro

498 5557 579 5609 coda
684 5558 717 5610 18
733 5559 897 5626 n,'f,',e(?)nt,¹'s
914 5562 994 5614 codex
1103 5561 1137 5614 33
1158 5564 1314 5615 dissentione
1332 5562 1416 5614 Duch.
1434 5580 1523 5615 errore
1626 5562 1660 5615 37
1684 5573 1744 5615 unte
1768 5565 1801 5616 ad
1819 5565 1931 5631 spcts'm
1948 5565 2025 5616 unius
2043 5564 2155 5614 uuam:

498 5664 515 5697 ι
531 5646 624 5697 artat
709 5645 744 5701 38
762 5650 870 5716 patricio
890 5648 935 5714 ιἸΙΙΙ
947 5649 1027 5701 codex
1115 5648 1149 5701 39
1162 5651 1277 5714 fortasse
1289 5667 1338 5701 err.
1352 5651 1434 5701 Roma
1512 5647 1547 5700 42
1564 5651 1675 5716 spatium
1687 5651 1765 5701 unias
1782 5651 1882 5703 ruera
1901 5660 1960 5703 caua
1977 5650 2154 5717 symmachum

499 5730 535 5786 44
551 5751 616 5800 quas
633 5735 688 5787 cod
770 5733 806 5786 45
823 5744 882 5787 cate
900 5752 945 5802 pro
961 5737 1073 5801 apaa'usr
1091 5737 1169 5787 ardua
1187 5735 1287 5787 littam
1367 5734 1403 5787 46
1420 5736 1576 5789 schirrum
1591 5737 1648 5789 cod
1696 5744 1757 5788 cate
1775 5736 1817 5788 hic
1835 5736 1946 5802 wodan
1963 5738 2041 5788 mssa
2058 5737 2157 5789 usam
