4658 6576
1053 428 1274 485 ΕΡΙΤΟΜΔΕ

634 601 860 660 FELIOIANA

330 1653 424 1718 Fecit
448 1654 667 1720 ordinationes

330 1775 363 1839 in
385 1776 466 1841 urbe
488 1776 595 1841 Roma

329 1888 399 1952 1111

331 2021 392 2088 per
413 2021 515 2067 mens.
538 1999 708 2083 Decemb.,

331 2121 437 2207 presb.
455 2121 592 2204 XLVII,
615 2121 695 2187 diac.
712 2123 787 2206 XV,
804 2125 972 2211 episcopos
988 2146 1046 2210 per
1060 2126 1133 2191 loca

334 2224 470 2291 CXVII.
511 2224 665 2310 Sepultus
682 2234 732 2291 est
748 2227 835 2312 apud
850 2228 983 2293 beatum
998 2229 1131 2295 Petrum

331 2328 391 2392 sub
414 2327 466 2393 die
490 2329 590 2393 XIIII
614 2330 657 2393 kl.
680 2330 766 2416 Aug.

330 2450 364 2514 in
386 2470 478 2536 paee.

332 2569 482 2636 (lassavit
504 2572 709 2658 episcopatus
733 2572 802 2639 dies
825 2574 886 2641 ΠΙ.

377 2781 449 2826 arur.
471 2759 655 2845 Heumann,
690 2764 821 2828 natione
854 2763 1056 2851 Campanus,
1091 2786 1133 2829 ex

335 2869 427 2948 patre
443 2864 544 2945 Iusto,
569 2863 610 2928 de
628 2866 758 2932 civitate
774 2867 930 2949 Frisione‚
954 2868 1038 2934 sedit
1060 2890 1131 2932 ann.

334 2965 433 3030 VIHI
455 2965 524 3031 dies
547 2967 638 3033 XVI.

334 3085 439 3150 Huius
462 3087 685 3174 episcopatum
709 3091 919 3169 auctoritate,
948 3113 992 3156 ex
1014 3093 1132 3157 consti-

334 3197 403 3256 tuto
427 3190 562 3278 syuodo,
585 3193 672 3257 misit
694 3194 725 3256 iu
741 3192 859 3259 Grecis
874 3194 1050 3260 secundum
1073 3198 1132 3262 hu-

333 3296 523 3359 manitatem
547 3296 848 3383 sedisapostolicae
866 3305 900 3362 ct
915 3301 1134 3364 reconciliavit

334 3397 465 3481 Grecos,
490 3401 544 3485 qui
568 3401 703 3485 obligati
727 3407 819 3465 erant
842 3401 901 3466 sub
925 3402 1133 3467 anathemato

333 3509 466 3589 propter
488 3503 587 3567 Petro
610 3504 834 3570 Alexandrino
858 3512 892 3570 et
914 3504 1030 3571 Acatio
1047 3506 1132 3571 Con-

333 3607 632 3692 stantinopolitano.
691 3608 756 3674 Hic
789 3631 875 3695 papa
912 3611 1058 3696 perrexit
1091 3609 1133 3675 ad

333 3731 446 3795 regem
463 3709 701 3776 Theodericum
717 3711 908 3778 Ravennam
932 3720 966 3778 et
989 3735 1031 3778 ex
1055 3735 1132 3779 con-

333 3815 403 3879 silio
434 3815 520 3899 regis
549 3813 669 3880 dIrexit
690 3816 839 3882 Ennodio
869 3818 1023 3904 episcopo
1046 3818 1133 3882 Tici-

333 3939 433 3983 nenso
464 3924 498 3982 et
525 3918 703 3984 Fortunato
740 3921 894 4007 episcopo
926 3920 1133 3986 Catheneuse

334 4030 368 4086 et
389 4022 565 4086 Euantium
589 4022 805 4108 presbiterum
828 4025 917 4088 urbis
941 4031 974 4087 et
992 4024 1133 4088 Vitalem

335 4125 506 4190 diaconum
531 4126 632 4189 urbis:
657 4133 772 4191 euntes
788 4126 830 4190 ad
846 4127 1019 4193 Anastasio
1036 4128 1133 4215 Aug„

333 4235 369 4293 ut
406 4230 464 4294 sub
498 4230 601 4295 libelli
639 4230 857 4294 satisfactione
892 4239 1132 4314 revocarentur,

331 4333 410 4398 nihil
439 4340 585 4417 egerunt.
642 4333 726 4399 Item
757 4333 898 4399 secundo
930 4337 1017 4400 misit
1045 4335 1132 4400 Hor·

333 4436 437 4502 misda
459 4437 643 4503 Ennodium
671 4445 704 4503 et
727 4438 939 4524 Peregrinum
963 4442 1134 4527 episcopos

335 4549 367 4604 et
395 4540 544 4605 Pollione
573 4541 770 4607 subdiacono
800 4542 887 4607 urbis
920 4549 954 4607 et
980 4550 1132 4629 portave-

335 4649 408 4708 runt
431 4645 585 4729 epistolas
608 4645 684 4710 fidei
708 4652 741 4710 ct
757 4647 1009 4711 contestationes
1025 4668 1132 4712 secre-

335 4752 384 4811 tas
407 4769 541 4812 numero
565 4748 698 4812 XVIIII
721 4755 754 4813 et
776 4749 932 4831 libellum,
955 4771 1133 4837 perquem

334 4849 491 4927 redirent;
523 4851 609 4937 quod
633 4853 659 4916 si
682 4854 857 4917 noluissent
881 4855 1039 4938 epistulae
1063 4876 1132 4917 sus-

334 4957 442 5041 cipere
468 4958 730 5037 contestationes,
754 4978 813 5042 per
836 4959 982 5022 civitates
998 4979 1132 5044 sparge-

332 5065 413 5123 rent.
458 5058 497 5122 In
520 5080 583 5144 quo
607 5061 710 5125 noluit
737 5062 918 5126 consentire
943 5064 1132 5128 Anastasius

333 5163 431 5248 Aug„
455 5184 495 5227 eo
519 5163 604 5249 quod
628 5171 699 5229 erat
720 5166 753 5228 in
776 5166 890 5231 lrercse
906 5166 1035 5231 Euthici
1056 5189 1132 5232 con-

333 5268 486 5331 sentiens.
531 5266 653 5332 Voleus
676 5269 786 5355 itaque
815 5291 871 5334 eos
901 5293 960 5356 per
982 5291 1131 5335 remune-

333 5371 492 5434 rationem
509 5391 729 5457 corrumpere:
754 5373 799 5437 illi
820 5381 929 5438 autem
946 5381 1133 5461 contempto

334 5474 479 5559 principe
513 5475 695 5539 nullatenus
726 5484 957 5542 consenserunt
984 5480 1132 5564 accipere

334 5578 498 5663 pecunias.
542 5576 665 5642 Furore
690 5598 843 5644 accensus
865 5581 1041 5668 imperator
1064 5572 1131 5647 eie·

332 5682 376 5745 cit
398 5701 454 5744 eos
477 5701 536 5766 per
565 5684 670 5747 locum
694 5685 909 5769 periculosum
938 5693 971 5749 et
992 5687 1133 5771 inposuit

1474 597 1707 655 cononum

1188 706 1230 770 ad
1254 707 1455 771 consolatum
1477 704 1653 784 senatoris,
1676 724 1695 767 a
1718 702 1750 767 X
1773 704 1805 771 lv.
1828 702 1987 769 Decemb.

1186 830 1289 896 usque
1313 808 1398 873 XIII
1421 809 1452 874 k.
1477 809 1561 895 Aug.
1616 807 1680 872 Hic
1714 807 1791 871 lecit
1820 806 1987 871 basilicam

1186 914 1287 978 sancti
1303 911 1457 976 Andreae
1473 911 1613 998 apostoli
1629 909 1672 974 ad
1687 916 1832 974 sanetum
1854 909 1986 974 Petrum

1185 1024 1219 1082 et
1253 1017 1378 1081 ornavit
1412 1023 1478 1080 tam
1517 1035 1590 1080 eam
1626 1034 1722 1100 quam
1757 1013 1837 1077 alias
1872 1033 1986 1099 quam-

1184 1123 1294 1207 plures
1323 1141 1367 1184 ex
1397 1140 1475 1183 auro
1503 1124 1703 1204 argentoque
1726 1118 1875 1204 plurimo.
1919 1115 1986 1182 IIio

1184 1225 1244 1288 fuit
1255 1230 1456 1288 constructor
1468 1223 1677 1287 ecclesiarum
1691 1244 1699 1297 ;
1716 1221 1883 1306 ampliavit
1897 1220 1985 1284 clero

1185 1331 1218 1391 et
1241 1325 1360 1391 donum
1376 1326 1559 1413 presbiterii
1576 1325 1750 1412 triplicavit
1772 1330 1807 1389 et
1830 1325 1985 1411 pauperi-

1184 1429 1245 1494 bus
1266 1436 1376 1495 vestes
1391 1436 1424 1495 et
1439 1430 1626 1495 alimoniam
1642 1429 1816 1515 triplicavit
1833 1434 1867 1491 et
1882 1428 1986 1492 multa

1185 1535 1249 1598 alia
1271 1534 1366 1615 bona,
1391 1555 1474 1620 quae
1498 1554 1649 1599 enarrare
1671 1532 1806 1618 longum
1828 1536 1887 1596 est.

1185 1654 1278 1719 Fecit
1301 1654 1518 1719 ordinationes

1185 1885 1263 1968 1111,

1186 2117 1453 2204 preszOVIII,
1466 2117 1547 2181 diac.
1555 2117 1647 2199 XVI,
1657 2113 1987 2204 episeoposOXVIII.

1186 2221 1249 2295 Qui
1262 2222 1361 2286 etiam
1374 2221 1518 2306 sepultus
1535 2227 1585 2285 est
1600 2220 1687 2306 apud
1704 2222 1837 2286 beatum
1854 2221 1986 2286 Petrum

1184 2325 1253 2390 IIII
1276 2327 1307 2390 k.
1331 2323 1417 2410 Aug.

1186 2563 1334 2630 Gessavit
1357 2568 1564 2655 episcopatus
1588 2566 1657 2631 dies
1672 2565 1729 2630 VI.

1237 2751 1499 2836 srv.Honu1son‚
1536 2757 1668 2821 natione
1704 2753 1904 2840 Campanus,
1944 2770 1988 2815 ex

1185 2862 1277 2941 patre
1293 2857 1391 2937 Iusto,
1416 2857 1456 2922 de
1473 2861 1605 2925 civitate
1620 2859 1798 2939 FrisInone,
1822 2855 1907 2921 sedit
1931 2875 1984 2919 an.

1186 2960 1286 3024 VIIII
1310 2960 1379 3025 dies
1402 2963 1511 3030 XVII.

1187 3080 1249 3146 Hic
1285 3081 1399 3146 habuit
1435 3086 1612 3150 certamina
1649 3103 1708 3169 per
1741 3080 1885 3168 epistolis
1919 3079 1986 3143 suis

1187 3190 1298 3248 contra
1312 3184 1520 3252 Anastasium
1543 3190 1773 3273 imperatorem
1794 3183 1984 3249 hereticum.
