4658 6576
938 436 1223 497 PROLEGOMENA.
1770 450 1909 507 CXXXIX

255 606 477 691 Archetypum
500 608 589 667 certe
613 601 724 666 classis
747 599 909 663 secundae
933 598 1017 663 atille
1039 619 1208 663 numemm
1232 602 1409 685 signavissa
1433 604 1537 668 torma
1560 612 1689 670 vetusta
1714 621 1756 674 α)
1779 630 1911 695 cormp-

254 712 340 774 telae
367 713 437 790 102,
455 733 479 772 ιο
502 706 709 792 patefaciunt.
736 742 775 751 —
799 704 929 768 Menses
953 704 1021 767 fore
1045 702 1087 766 ad
1110 705 1275 789 antiquam
1299 707 1566 773 consuetudinem
1590 711 1735 775 enuntiat
1753 711 1908 799 Neapoli-

255 821 348 877 tanus
372 812 431 895 (ita
459 832 517 897 per
544 816 618 874 octo
647 810 769 894 primos
800 810 971 894 episcopos
998 809 1044 872 sic
1065 808 1110 871 ibi
1134 816 1199 872 est:
1224 810 1287 873 III
1308 809 1347 873 tl.
1373 810 1541 875 lalias—
1569 813 1657 879 lIII
1683 815 1712 878 Ιι.
1739 816 1846 883 Octab.
1871 855 1909 864 —

262 917 350 982 Vlla.
366 916 516 979 Mai.—
539 912 630 979 VIII
646 913 675 977 lc.
698 911 905 976 Decemboe
933 912 1082 975 [Hirtus
1098 911 1226 977 Iul.-
1251 911 1302 977 VI
1319 914 1348 977 Ιι.
1369 914 1572 981 Nom-ane
1597 917 1628 979 l
1643 940 1745 982 nomas
1767 920 1910 984 Mai.-

257 1022 318 1088 lll
345 1041 418 1086 aon.
446 1017 585 1101 April);
616 1018 648 1081 in
681 1017 793 1102 spatiis
829 1015 916 1080 idem
948 1016 995 1079 uti
1027 1016 1112 1079 solet
1145 1016 1345 1101 compendiis
1376 1039 1484 1083 an-
1502 1007 1600 1085 ιῖι-
1623 1023 1708 1086 d-
1711 1022 1912 1111 Denique

161 1128 169 1145 ⁴
254 1125 427 1191 formula
419 1145 453 1187 1n
479 1120 735 1188 ordinationibus
763 1120 894 1184 solita
886 1141 919 1182 ιιι
951 1117 1075 1183 duobus
1106 1119 1195 1184 libris
1223 1122 1382 1205 primariis
1411 1124 1507 1188 scribi
1537 1127 1621 1190 solet
1636 1148 1698 1207 per
1719 1149 1822 1192 sncnse
1844 1130 1910 1211 (vel

247 1252 309 1311 per
330 1228 461 1313 summes)
493 1225 636 1290 Decemb.
688 1224 806 1309 Ego
798 1245 830 1288 nr
860 1223 909 1287 his
939 1223 1130 1308 plemmque
1152 1224 1344 1309 compendia
1374 1228 1543 1293 sollemnia
1572 1232 1673 1315 posui.
1698 1267 1740 1278 —
1763 1232 1800 1296 In
1824 1232 1910 1298 ordi·

253 1332 437 1398 nationibus
464 1335 497 1395 et
524 1350 582 1415 pro
611 1349 757 1404 messaara,
786 1327 871 1412 quod
900 1334 1009 1390 tamen
1041 1349 1060 1389 a
1083 1326 1269 1391 melioribus
1292 1329 1382 1393 libris
1415 1332 1531 1397 abesse
1555 1334 1648 1415 solet,
1670 1336 1801 1420 ponitur
1822 1357 1853 1400 a.
1878 1344 1912 1401 et

254 1435 457 1501 sacerdotum
479 1453 602 1518 genera
623 1452 695 1495 raro
719 1431 961 1517 perscribuntur
982 1431 1172 1516 plemmquc
1190 1439 1301 1495 notata
1321 1434 1380 1497 sic:
1396 1436 1476 1514 preb
1492 1436 1559 1522 (vel
1569 1426 1699 1524 psbph)
1716 1477 1758 1486 -
1773 1428 1847 1504 diac
1870 1479 1910 1487 —

253 1528 552 1622 epic'c'similitervm
568 1537 651 1601 haec
667 1534 754 1600 edidi
771 1535 959 1620 perscripta,
976 1533 1150 1599 admittens
1166 1536 1356 1622 plemmque
1369 1539 1506 1603 formam
1519 1540 1665 1606 diacones
1679 1544 1712 1607 in
1728 1544 1911 1608 accusativo

254 1645 385 1732 pluralis
408 1643 607 1727 frequentius
630 1647 830 1726 usurpatam.
877 1640 1053 1703 Praeterea
1087 1639 1141 1704 ubi
1171 1639 1377 1705 diaconorum
1411 1644 1603 1709 vocabulum
1631 1647 1793 1711 invenitur
1815 1669 1912 1733 quam

254 1747 502 1814 declinationem
526 1752 690 1829 sequatur,
714 1752 872 1829 quatenus
889 1744 1101 1829 perscriptum
1116 1744 1286 1822 invenitur,
1304 1744 1471 1810 adnotatio
1487 1748 1680 1815 indicat-
1705 1751 1742 1814 ln
1759 1751 1910 1836 ponderi·

252 1853 311 1917 bus
341 1860 374 1916 et
396 1849 553 1914 mensuris
584 1847 806 1933 reditibusque
830 1847 969 1911 breviari
993 1850 1098 1910 solent
1120 1848 1279 1912 voeabula
1296 1856 1469 1928 praest-
1439 1857 1635 1931 praestat
1656 1855 1708 1918 vel
1727 1861 1912 1937 praestant,

246 1978 327 2038 pars
350 1956 416 2034 (vel
431 1953 532 2039 pi:
551 1957 668 2032 permut
691 1952 744 2015 vel
766 1956 907 2034 pensant
928 1951 980 2013 vcl
998 1950 1141 2030 premas
1164 1951 1374 2037 similiterque
1398 1954 1533 2035 (paulis,
1557 1957 1642 2040 quod
1659 1965 1824 2044 expectes,
1848 1982 1912 2026 non

140 2084 146 2095 ·
253 2058 440 2147 reperitur);
463 2058 568 2121 lib:
593 2054 707 2132 tibr;as
737 2056 870 2136 simp:
895 2053 1014 2136 singuli
1037 2061 1113 2118 cet:
1137 2057 1264 2133 ped:
1287 2057 1400 2136 pectem·
1427 2057 1507 2123 sol
1494 2060 1554 2145 (sic
1576 2060 1692 2147 Neap,
1714 2050 1801 2127 solid
1816 2063 1912 2149 Luc.)

255 2196 293 2218 =
318 2161 491 2227 solidaset
513 2161 690 2224 tremiss:
670 2161 874 2226 -tremisscs,
919 2157 1013 2221 Hace
1006 2177 1092 2221 non
1109 2180 1220 2244 saepe,
1242 2160 1412 2245 aliquoties
1428 2168 1537 2227 tamen
1553 2165 1723 2230 turbantur
1746 2167 1911 2232 vocabulis

251 2269 363 2333 inscite
387 2268 513 2347 solutis,
536 2266 602 2329 ut
594 2286 626 2329 m
648 2265 787 2329 Lucensi
804 2272 854 2328 est
876 2267 927 2341 53,
943 2288 968 2326 ιι
990 2284 1082 2326 anms
1098 2312 1104 2325 .
1123 2312 1129 2325 .
1149 2313 1155 2326 .
1179 2270 1331 2342 ,portant
1332 2287 1364 2328 os
1377 2266 1518 2348 stimulos
1540 2269 1715 2335 arscdcmnos
1730 2270 1808 2352 111;
1831 2276 1883 2351 63,
1900 2298 1912 2336 ι

248 2372 329 2455 s'ara
352 2377 489 2435 cardara
511 2374 659 2452 arpmotea
683 2368 799 2444 XXX,
817 2390 907 2448 perra.
931 2365 1075 2447 empulae
1097 2365 1149 2430 lib.
1174 2366 1264 2430 VIII
1265 2389 1276 2444 ,·
1306 2373 1356 2448 65,
1375 2395 1397 2433 ιι
1425 2371 1550 2450 aciplros
1576 2379 1738 2455 arpertcos
1762 2376 1806 2440 II
1817 2398 1908 2456 peras.

250 2475 391 2557 sistarcias
416 2475 469 2539 lib.
495 2475 530 2539 X
537 2495 547 2551 ,·
571 2477 623 2555 68,
639 2498 651 2537 ι
668 2472 778 2552 phara
800 2476 934 2535 easdam
957 2475 1105 2552 ‹ii-qamt
1120 2470 1228 2533 XXX
1242 2492 1334 2551 pesas.
1357 2473 1502 2555 stapulas
1523 2475 1573 2542 lib.
1599 2478 1727 2557 quinas.
1772 2480 1836 2545 Pro
1862 2480 1912 2544 his

253 2579 474 2665 similibusque
497 2579 529 2642 in
553 2575 694 2642 editione
719 2576 848 2641 solitum
871 2573 1100 2660 compendium
1124 2576 1226 2659 posui.
1273 2573 1443 2641 Accedunt
1464 2577 1506 2642 ad
1530 2581 1722 2698 compendia
1740 2582 1823 2648 haec
1846 2584 1910 2649 sol-

251 2684 371 2749 lemnia
394 2683 457 2746 alia
480 2682 618 2746 rariora:
643 2703 660 2745 c
658 2702 777 2762 sta
801 2702 817 2741 ι
812 2679 998 2760 statutarum
1021 2715 1060 2724 -
1079 2698 1266 2758 possess:
1285 2682 1501 2762 passessr'o—
1523 2688 1628 2762 ijd=
1652 2686 1710 2766 qai
1731 2685 1913 2766 appellatur

250 2787 353 2873 (etp
369 2785 575 2868 dxxxiii,
597 2786 676 2849 item
708 2782 847 2848 Siclrel
840 2804 872 2846 sn
895 2783 975 2845 actis
998 2781 1497 2850 minoribnslindobonensibus
1520 2788 1558 2851 cl
1583 2788 1660 2874 phil.
1680 2789 1752 2853 hist.
1769 2790 1830 2855 vol.
1855 2794 1911 2854 117

255 2912 371 2955 comm.
389 2891 507 2976 VHp
526 2891 650 2975 27)-
678 2872 831 2952 territ:
856 2886 1114 2951 etrritoriam-
1139 2875 1391 2967 thum-tarnat:
1415 2889 1715 2973 thymiamaterium.

357 2994 463 3058 Unum
487 2999 588 3058 restat
611 2999 645 3057 et
674 3012 754 3078 prae
785 2990 935 3054 omnibus
964 2992 1158 3074 gratuml
1122 2990 1276 3070 officium,
1306 2998 1342 3055 ut
1370 2995 1533 3059 nominem
1555 2997 1699 3061 fautores
1723 3003 1757 3061 et
1778 2999 1911 3077 amicos,

255 3118 390 3184 quorum
415 3097 622 3162 adiutorio
599 3119 625 3160 si
648 3095 723 3181 quid
748 3095 810 3159 hac
832 3114 907 3158 mea
930 3114 1031 3179 opcra
1054 3093 1205 3157 effectum
1229 3100 1287 3176 est,
1313 3116 1355 3159 ex
1378 3105 1469 3181 parte
1493 3120 1612 3184 magna
1628 3099 1775 3166 debetur.
1821 3102 1909 3166 Ante

255 3224 368 3267 omnes
391 3201 601 3288 praedicandi
624 3207 697 3265 sunt
720 3199 988 3264 bibliothecarum
1013 3205 1165 3282 quattuor
1180 3205 1364 3264 exteramm
1385 3200 1608 3267 moderatores
1624 3212 1756 3268 senator
1769 3204 1910 3269 Bloesch

253 3305 443 3384 Beruensis,
476 3305 664 3392 Leopoldus
692 3304 817 3368 Dolisle
842 3303 1021 3382 Parisinae,
1053 3301 1234 3367 Guilelmus
1256 3303 1410 3368 Nicolaus
1438 3305 1480 3368 du
1504 3306 1588 3371 Rieu
1611 3329 1714 3393 nuper
1737 3309 1821 3372 tristi
1842 3309 1909 3374 fato

250 3410 343 3474 nobis
366 3417 498 3497 ereptus
520 3409 704 3481 Leidensis,
727 3406 831 3471 (luido
855 3405 951 3491 Biagi
973 3406 1181 3470 Florentinae
1198 3406 1450 3483 laurentianae,
1474 3430 1533 3495 per
1557 3431 1637 3496 quos
1659 3411 1721 3475 hoc
1737 3410 1910 3476 adsecutus

254 3535 335 3596 sum,
359 3522 395 3578 ut
416 3536 476 3600 per
498 3537 558 3579 sex
582 3514 650 3578 lere
674 3532 819 3577 menses.
844 3510 919 3574 dum
943 3511 1093 3574 volumen
1117 3511 1320 3596 imprimitur,
1346 3520 1498 3597 quattuor
1520 3514 1649 3578 codices
1672 3516 1910 3598 praestantissi-

251 3638 320 3681 mos
344 3616 759 3702 (amnemamnem
793 3616 904 3700 quinto
934 3621 1044 3678 nostro
1069 3613 1255 3679 Coloniensi
1271 3615 1350 3702 (13³)
1381 3618 1509 3681 interim
1537 3619 1568 3681 in
1599 3619 1690 3703 regia
1713 3620 1911 3684 bibliotheca

254 3728 361 3787 nostra
390 3721 566 3786 custoditos
594 3743 666 3786 cum
693 3720 831 3807 plagulis
864 3717 970 3782 denuo
999 3719 1144 3782 conterre
1175 3719 1298 3784 liceret.
1343 3721 1425 3785 Item
1449 3721 1628 3786 litteramm
1653 3722 1853 3807 publicamm
1877 3724 1908 3787 in

254 3825 350 3891 ltalia
372 3847 514 3891 summus
539 3833 668 3890 curator
690 3824 848 3888 Emanucl
868 3823 1043 3887 Gianturco
1068 3828 1101 3885 ct
1124 3823 1385 3911 archiepiscopus
1407 3825 1565 3890 Lucensis
1587 3825 1740 3890 Nicolaus
1763 3825 1909 3891 Glrilardi

251 3936 284 3994 et
307 3931 361 4015 qui
384 3930 571 3995 moderante
595 3929 749 3993 cardinali
772 3928 946 4013 llampolla
962 3926 1141 3990 Vaticanac
1165 3926 1383 3993 bibliothecae
1408 3929 1573 4015 praesidet
1594 3931 1784 3995 Franciscus
1809 3929 1909 3994 Ehrle

249 4053 313 4096 non
336 4035 440 4098 solum
463 4035 533 4099 aliis
557 4034 670 4098 officiis
693 4054 745 4097 me
770 4032 974 4116 obligarunt,
998 4030 1056 4095 scd
1080 4031 1269 4112 effecemnt,
1293 4039 1329 4096 ut
1351 4033 1413 4098 duo
1438 4034 1567 4098 codices
1590 4035 1730 4121 primarii
1752 4034 1908 4120 Neapoli·

250 4144 343 4202 tanus
372 4145 405 4202 et
427 4138 582 4204 Lucensis
606 4139 743 4202 Romam
767 4138 972 4200 mitterentur
1001 4143 1034 4199 ct
1062 4136 1093 4200 in
1119 4136 1316 4201 bibliotheca
1340 4136 1473 4202 Victorii
1497 4139 1683 4204 Emanuelis
1707 4139 1778 4219 ille,
1801 4138 1854 4203 bic
1876 4139 1908 4202 in

251 4239 410 4306 Vaticana
437 4263 456 4305 a
484 4263 536 4307 me
561 4247 800 4307 excuterentur.
847 4239 1003 4304 Codicum
1030 4239 1160 4303 minoris
1187 4247 1284 4304 notae
1315 4241 1510 4326 reliquorum
1535 4263 1606 4307 cum
1635 4244 1808 4328 plerosque
1839 4243 1909 4327 ipsc

250 4343 400 4423 viderim,
424 4346 588 4430 specimen
612 4365 723 4408 eorum
748 4365 827 4429 qnos
850 4365 913 4407 non
938 4342 1002 4406 vidi
1031 4351 1236 4427 sumpsemnt
1259 4365 1333 4407 mea
1356 4366 1454 4408 causa
1476 4345 1698 4410 Bruxeliensis
1718 4345 1909 4409 Franciscus

251 4442 404 4517 Οιιιιιοιιι,Δ
428 4448 728 4513 Vindobonensium
752 4448 935 4511 Ludovicus
959 4447 1156 4523 llartrnann,
1181 4447 1371 4511 Mutinensis
1395 4448 1530 4512 (larolus
1558 4448 1661 4531 Preti,
1690 4449 1906 4513 Parisinorum

253 4571 375 4623 eorum,
399 4573 479 4637 quos
502 4554 571 4638 ipse
594 4574 658 4616 non
682 4553 817 4617 tractavi
838 4550 991 4623 Berolini,
1009 4550 1130 4615 Vidier.
1176 4550 1325 4638 Denique
1350 4553 1488 4638 optimos
1511 4554 1630 4617 amicos
1654 4560 1719 4617 tres
1742 4552 1907 4617 adiutores

251 4655 401 4740 egregios
430 4655 543 4738 habui,
567 4655 782 4720 Christianum
810 4655 957 4719 Huelsen
988 4655 1114 4719 Itomae
1143 4654 1328 4740 degentem,
1361 4657 1411 4719 oui
1446 4663 1479 4720 et
1511 4656 1575 4719 alia
1605 4663 1740 4741 accepta
1772 4658 1840 4721 lero
1876 4664 1909 4721 et

249 4757 368 4823 Iudicis
399 4760 486 4823 tertii
515 4765 640 4845 partem
674 4758 716 4823 ad
750 4759 838 4824 urbis
871 4759 996 4823 Romae
1032 4759 1279 4845 topographiam
1314 4765 1532 4845 spectantem,
1569 4758 1724 4824 Adollam
1751 4759 1908 4825 Harnaek

251 4860 511 4937 Berolinensem,
536 4884 631 4948 quem
661 4864 701 4927 de
731 4863 827 4927 rebus
856 4863 955 4926 sacris
979 4882 1079 4947 saepe
1103 4863 1249 4926 consului
1271 4884 1332 4927 nec
1353 4863 1447 4927 facile
1470 4863 1538 4927 sine
1562 4863 1683 4943 fructu,
1708 4863 1907 4929 Ludovicum

252 4964 380 5031 Traube
396 4967 625 5032 Monaceuscm
642 4966 921 5053 palaeographum
944 4973 978 5030 at
1000 4966 1199 5051 philologum
1222 4967 1391 5051 insignem,
1415 4968 1468 5051 qui
1490 4967 1587 5031 horas
1609 4968 1725 5031 multas
1742 4968 1908 5053 impendit,

251 5076 285 5133 ut
307 5070 368 5134 hoc
384 5072 534 5135 volumen
557 5094 577 5136 a
600 5073 712 5135 naevis
729 5071 856 5155 magnis
877 5071 1049 5156 parvisque
1072 5070 1236 5134 liberaret.
1281 5070 1408 5134 Horum
1432 5071 1609 5134 officiorum
1634 5091 1759 5134 memor
1780 5078 1817 5135 ut
1838 5073 1907 5157 ipse

250 5172 399 5254 manebo,
423 5175 468 5237 ita
491 5175 608 5260 quibus
631 5174 693 5239 hoc
715 5175 867 5238 volumen
890 5174 961 5237 usui
984 5175 1055 5254 crit,
1079 5174 1283 5258 aliquatenus
1306 5195 1380 5237 suas
1406 5175 1526 5259 gratias
1549 5196 1623 5239 cum
1646 5177 1727 5239 meis
1743 5176 1906 5239 consocia-

250 5274 338 5339 bunt.
364 5315 402 5325 -
428 5277 555 5343 Indices
581 5286 714 5364 praeter
743 5286 869 5364 partem
897 5299 994 5364 supra
1025 5276 1197 5341 indicatam
1227 5299 1246 5342 a
1276 5299 1328 5342 me
1352 5285 1485 5363 rogatus
1508 5278 1648 5343 confecit
1670 5279 1812 5364 optimae
1836 5278 1907 5364 spei

251 5377 375 5444 iuvenis
399 5380 494 5445 Felix
518 5381 650 5466 lacoby.

352 5552 471 5639 Scripsi
495 5552 637 5618 Borolini
661 5552 689 5616 d.
714 5552 827 5619 Maii)
850 5577 880 5618 a.
902 5558 992 5620 labi.

867 5782 1279 5791 ——.——..-—--
