4658 6576
424 427 486 489 234
1144 419 1363 476 sarronae

709 593 937 648 FELIGIANA
1563 592 1796 649 CONONIANA

423 698 493 763 IIII
530 720 604 765 non.
640 700 708 764 Ian.
767 698 810 763 Et
845 699 983 765 cessavit
1020 700 1226 786 episcopatus
1279 697 1347 761 IIII
1381 719 1454 763 non.
1490 699 1557 763 Ian.
1617 699 1661 763 Et
1698 701 1836 764 cassavit
1877 702 2081 787 episcopatus

424 801 494 866 dies
509 802 585 869 VII.
1279 800 1348 865 dies
1363 801 1438 865 VII.

467 973 655 1056 x.Y(÷1NVS,
696 975 827 1038 natione
862 974 1001 1055 Grecos,
1040 997 1082 1039 ex
1119 974 1223 1060 philo·
1322 994 1352 1039 x.
1375 972 1518 1054 Ycauvs,
1552 976 1683 1040 natione
1717 975 1857 1058 Grecos,
1899 998 1941 1041 ex
1975 978 2080 1063 philo·

424 1079 538 1165 sepho,
555 1079 595 1144 do
611 1078 759 1159 Athenis,
776 1077 861 1142 sedit
876 1100 947 1142 ann.
965 1078 1032 1142 IIII
1058 1099 1157 1142 mens.
1175 1078 1225 1141 III
1278 1077 1396 1163 sopho,
1420 1076 1460 1141 de
1485 1076 1637 1159 Athonis,
1671 1079 1756 1145 sedit
1785 1080 1884 1146 an.X
1908 1101 2007 1145 mens.
2028 1081 2081 1147 III

426 1182 495 1247 dies
518 1182 579 1249 III.
630 1182 706 1247 Fuit
738 1188 847 1246 autem
883 1182 1083 1268 temporibus
1112 1182 1225 1246 Severi
1279 1181 1348 1245 dies
1364 1180 1440 1244 VII.
1486 1181 1561 1245 Fuit
1584 1184 1784 1269 temporibus
1808 1182 1889 1249 Veri
1913 1183 2081 1263 ethbaal,

425 1293 459 1349 et
480 1286 599 1367 Marci,
629 1308 649 1349 a
672 1286 839 1350 consolatu
862 1286 973 1371 Magni
1002 1293 1035 1349 ct
1063 1286 1225 1349 Camerini
1278 1306 1298 1347 a
1321 1284 1489 1348 consulatu
1511 1284 1633 1371 Magna
1662 1293 1696 1351 et
1719 1287 1883 1352 Camerini
1914 1288 2082 1373 usquead

426 1410 528 1474 usque
552 1389 594 1453 ad
617 1389 719 1455 Orfito
744 1395 777 1453 et
799 1387 972 1453 Camirino.
1018 1388 1081 1453 IIie
1104 1389 1225 1453 elerum
1279 1387 1381 1453 Orfite
1406 1386 1636 1477 cthmerino.
1680 1391 1743 1455 Hic
1766 1393 1887 1457 clerum
1912 1393 2082 1477 conposuit

425 1494 593 1578 conposuit
627 1499 660 1557 ct
694 1491 856 1556 distribuit
890 1492 1019 1576 grados.
1075 1492 1118 1556 Ilt
1150 1493 1227 1558 iecit
1279 1498 1313 1556 ct
1339 1490 1500 1556 distribuit
1530 1492 1659 1577 gradus.
1713 1493 1756 1558 m
1791 1495 1868 1561 lecit
1905 1495 2080 1560 ordinatio-

425 1598 644 1662 ordInatienes
665 1596 716 1661 III
1278 1614 1336 1659 nes
1360 1595 1421 1673 III,

424 1739 484 1804 per
506 1739 608 1782 mens.
631 1715 800 1795 Decemb,

425 1838 532 1923 presb.
549 1838 623 1919 XV,
653 1838 735 1902 diac.
751 1838 792 1920 V,
823 1838 993 1922 episcopos
1016 1858 1075 1923 pcr
1098 1838 1225 1902 diversa
1279 1837 1385 1922 presb.
1406 1836 1480 1917 XV,
1505 1837 1585 1903 diae.
1603 1838 1642 1918 V,
1666 1839 1910 1923 episcoposVI.
1965 1839 2081 1927 Sepul-

427 1942 500 2006 Ioea
515 1941 572 2005 VI.
633 1941 695 2016 Qui
731 1943 829 2006 otiam
863 1942 1008 2027 sepultus
1047 1947 1096 2004 est
1133 1941 1225 2004 iuxta
1279 1947 1394 2025 tusque
1420 1948 1470 2005 est
1492 1942 1582 2005 iuxta
1605 1963 1720 2028 eorpus
1744 1941 1831 2006 beati
1855 1942 1943 2008 Petri

425 2067 540 2131 eorpus
563 2046 652 2110 beati
678 2044 769 2110 Petri

424 2166 456 2229 in
478 2165 672 2231 Vaticanum

423 2288 613 2354 IIIkl.Ian.
657 2286 701 2351 Et
713 2286 1066 2372 cessavitepiscopatus
1081 2286 1150 2350 dies
1163 2286 1223 2351 III.
1276 2285 1327 2349 III
1350 2284 1392 2349 id.
1417 2286 1485 2351 Ian.
1531 2286 1678 2351 (lassarit
1702 2288 1906 2372 episcopatus
1928 2286 1998 2351 dies
2018 2286 2080 2351 ΠΙ.

468 2459 698 2540 acrimonia,
733 2460 863 2522 natione
898 2458 1012 2543 Syrus,
1052 2480 1094 2522 cn
1132 2464 1224 2543 patre
1322 2477 1363 2522 m.
1387 2455 1556 2541 Anonos,
1595 2460 1724 2523 natione
1754 2459 1870 2545 Syrus,
1908 2482 1950 2524 ex
1989 2468 2081 2547 patre

425 2565 588 2643 Iohanne,
622 2562 663 2626 de
698 2563 767 2626 rico
800 2560 930 2642 Arnisa,
965 2560 1050 2624 sedit
1084 2582 1156 2624 ann.
1175 2560 1223 2624 XI
1280 2561 1444 2642 Iohanne,
1479 2560 1520 2626 do
1551 2564 1620 2626 vieo
1650 2561 1779 2643 Amisa,
1807 2562 1891 2627 sedit
1913 2584 1964 2627 an.
1980 2563 2083 2626 VIIII

426 2666 611 2733 mensIIll
634 2665 704 2730 dies
726 2665 788 2731 III.
833 2665 908 2729 Fuit
937 2671 1046 2728 autern
1071 2666 1223 2750 tempori·
1278 2685 1377 2728 mens.
1395 2665 1456 2728 III.
1501 2665 1577 2731 Fuit
1605 2671 1714 2730 autem
1742 2667 1945 2751 temporibus
1968 2665 2082 2731 Severi

428 2772 489 2836 bus
511 2770 625 2835 Severi
648 2776 682 2834 et
704 2768 815 2850 Marci,
839 2791 859 2832 a
882 2768 1049 2833 consolatu
1066 2767 1224 2832 Gallicani
1278 2774 1311 2831 ct
1334 2767 1450 2849 Marci,
1476 2790 1496 2831 a
1519 2769 1687 2833 consulatu
1711 2769 1872 2834 Gallicani
1904 2777 1938 2834 et
1951 2769 2083 2835 Veteris

426 2881 460 2938 et
482 2874 613 2938 Veteris
647 2893 748 2958 usque
783 2872 824 2935 ad
851 2871 1009 2936 Prosente
1041 2876 1074 2936 et
1096 2871 1222 2936 Ilulino.
1277 2892 1378 2956 usque
1403 2871 1445 2935 ad
1467 2872 1658 2937 I'rescntem
1683 2879 1716 2937 et
1738 2872 1865 2937 Rufino.
1919 2872 1982 2937 Hie
2005 2895 2083 2938 eon-

425 2978 488 3043 IIic
512 2977 686 3056 constituit,
710 2982 745 3040 ut
772 2975 906 3040 clericus
929 2997 1054 3039 comam
1078 2997 1141 3039 non
1165 2997 1223 3039 nu·
1277 2975 1392 3056 stituit,
1417 2982 1452 3040 ut
1475 2976 1579 3040 clerus
1602 2997 1727 3041 cernam
1755 2998 1818 3041 non
1841 2977 1970 3041 nutriat.
2019 2976 2084 3042 Ilio

427 3082 526 3146 triret.
571 3080 635 3144 Hic
659 3079 736 3144 fecit
758 3077 977 3142 ordinationes
993 3078 1024 3142 V
1277 3079 1354 3142 l'ecit
1376 3078 1592 3143 ordinationes
1608 3079 1648 3161 V,

425 3222 484 3289 per
506 3221 607 3265 mens.
631 3199 800 3281 Decemb,

425 3320 645 3408 prosb.VIIII,
659 3318 740 3384 diac.
752 3319 831 3397 IIII,
845 3321 1016 3406 episcopos
1028 3342 1087 3405 per
1100 3319 1226 3384 diversa
1279 3320 1387 3406 presb.
1399 3320 1495 3402 VIII,
1509 3319 1589 3385 diac.
1604 3320 1870 3406 IIII,*episeopos
1881 3318 1991 3383 Vllll.
2023 3320 2082 3384 Se-

425 3425 498 3490 loca
513 3424 625 3489 VIIII.
671 3422 734 3497 Qui
762 3424 860 3487 etiam
890 3424 1033 3509 sepultus
1065 3432 1114 3487 cst
1136 3425 1227 3488 iuxta
1279 3424 1387 3508 pultus
1412 3430 1461 3487 est
1483 3425 1574 3488 iuxta
1597 3446 1712 3510 corpus
1736 3425 1825 3489 beati
1848 3424 1938 3487 Petri

425 3549 542 3615 eorpus
565 3528 653 3593 beati
676 3527 765 3592 Petri

424 3650 457 3714 in
472 3649 630 3714 Vaticano

424 3768 492 3936 {fl
515 3769 557 3835 kl.
581 3770 654 3834 Mai.
701 3767 743 3832 Et
767 3769 905 3833 cossavii
928 3770 1133 3855 Opi⁸0⁰pstl11³
1157 3768 1227 3832 <150⁸
1280 3783 1346 3848 XII
1363 3785 1394 3849 k.
1412 3784 1487 3849 Mai.
1534 3785 1681 3850 (lassavit
1701 3786 1905 3871 episcopatus
1923 3786 1991 3851 dies
2007 3786 2081 3851 VH.

468 4047 520 4092 nn.
543 4026 636 4106 Prvs,
668 4028 797 4091 natione
826 4028 942 4109 Italus,
972 4050 1013 4091 cx
1042 4034 1134 4113 patro
1157 4027 1225 4091 au-
1322 4048 1374 4093 am.
1398 4027 1492 4108 Prvs,
1522 4029 1650 4092 natione
1675 4027 1792 4109 Italus,
1826 4049 1867 4093 cx
1897 4035 1989 4113 patre
2013 4028 2081 4093 Itu·

424 4132 502 4211 line,
542 4131 641 4196 irater
678 4130 839 4213 Pastoris,
878 4131 918 4196 de
957 4132 1087 4196 civitate
1123 4131 1223 4216 Aqui·
1278 4133 1357 4212 fino,
1390 4133 1490 4196 irater
1531 4132 1690 4212 Pastoris,
1728 4130 1769 4196 dc
1808 4133 1938 4195 civitate
1977 4132 2079 4217 aqui-

425 4235 499 4315 Ieia,
515 4232 599 4298 sedit
621 4254 692 4297 ann.
710 4233 845 4298 XVIIII
867 4256 968 4301 mens.
985 4236 1052 4299 IIII
1076 4234 1146 4299 dies
1162 4234 1225 4300 III.
1278 4235 1355 4313 leia,
1388 4235 1472 4300 sedit
1503 4257 1554 4300 an.
1576 4234 1639 4298 XV
1667 4256 1767 4299 mens.
1792 4233 1861 4297 IIII
1895 4233 1964 4299 dics
1987 4233 2082 4301 XXI.

427 4337 502 4401 Fuit
536 4344 644 4401 autem
680 4339 879 4422 temporibus
915 4340 1069 4403 Antonini
1102 4338 1170 4419 Pii,
1207 4360 1226 4401 a
1279 4339 1353 4402 Fuit
1377 4344 1486 4403 sautem
1509 4338 1709 4424 temporibus
1726 4338 1860 4402 Antonii
1876 4336 1939 4419 Pii,
1962 4359 1981 4402 a
2005 4360 2081 4403 con·

427 4442 594 4505 consolatu
611 4440 698 4505 Clari
723 4448 756 4503 et
779 4440 901 4505 Severi.
947 4443 1013 4507 Sub
1037 4443 1131 4506 huius
1155 4443 1223 4527 epi·
1249 4448 1252 4461 '
1278 4443 1381 4506 sulatu
1407 4442 1492 4507 Clari
1517 4450 1550 4507 et
1573 4442 1696 4508 Severi.
1742 4442 1809 4506 Sub
1833 4442 1927 4505 huius
1956 4442 2081 4527 episco-

425 4552 592 4629 seopatam
609 4545 709 4608 frater
727 4545 826 4629 ipsius
844 4545 975 4610 Ilermis
992 4546 1107 4610 librum
1124 4547 1223 4630 scrip·
1278 4552 1389 4632 patum
1406 4547 1537 4612 IIcrmis
1560 4547 1675 4610 librum
1692 4546 1827 4630 scripsit,
1851 4546 1883 4609 in
1910 4566 1972 4631 quo
1990 4567 2080 4610 man-

425 4649 481 4729 sit,
504 4650 536 4712 in
560 4668 622 4733 quo
646 4648 832 4712 mandatum
857 4651 1010 4732 continet,
1040 4649 1125 4736 quod
1150 4670 1222 4735 pre·
1278 4650 1388 4715 datum
1412 4652 1564 4731 continet,
1588 4648 1675 4736 quod
1704 4657 1737 4712 ct
1764 4650 1910 4734 precepit
1946 4649 2082 4734 angelus

425 4752 511 4837 cepit
541 4753 676 4837 angelus
705 4752 835 4832 domini,
866 4775 938 4817 eum
963 4755 1050 4817 venit
1077 4752 1119 4816 ad
1150 4774 1223 4817 eum
1248 4720 1252 4809 l
1278 4754 1415 4833 domini,
1444 4777 1516 4819 cum
1541 4755 1627 4819 venit
1649 4752 1691 4816 ad
1715 4773 1789 4816 eum
1813 4753 1845 4816 in
1867 4752 1982 4817 habitu
2005 4774 2080 4840 pas-

1249 4814 1252 4885 l

425 4857 457 4918 in
477 4855 589 4920 habitu
606 4857 743 4941 pastoris
759 4864 792 4920 et
808 4857 953 4941 precepit
970 4858 1010 4925 ei.
1028 4864 1062 4920 ut
1079 4862 1224 4920 sonetum
1277 4860 1370 4938 teris,
1395 4859 1541 4944 precepit
1571 4859 1601 4921 ei
1624 4864 1659 4920 ut
1682 4866 1828 4921 sanctum
1862 4857 2001 4943 paschae
2027 4856 2080 4922 die

425 4958 566 5043 paschae
590 4958 642 5022 dio
666 4958 826 5023 dominica
849 4960 1078 5024 celebraretur.
1279 4960 1439 5024 dominica
1463 4960 1655 5025 celebretur.

1278 5096 1340 5160 Hie
1363 5097 1526 5162 constituit
1549 5120 1568 5160 a
1591 5096 1714 5162 Iudaeo
1741 5097 1919 5162 hereticum
1944 5099 2080 5163 venien·

1277 5206 1342 5264 tem
1367 5201 1485 5285 suscipi
1508 5208 1541 5266 et
1563 5201 1730 5286 baptizari.

427 5338 490 5402 IIic
514 5338 591 5402 lecit
614 5335 831 5401 ordinationes
848 5336 878 5399 V
1250 5398 1253 5409 ,
1279 5337 1341 5402 IIic
1365 5339 1444 5402 feeit
1467 5337 1686 5403 ordinationes
1703 5340 1742 5420 V,

427 5479 486 5543 per
508 5479 608 5522 mens.
632 5458 801 5537 Decemb,

426 5580 533 5664 presb.
549 5577 695 5659 XVIIII,
713 5578 793 5644 diac.
807 5577 900 5658 XXI,
917 5579 1086 5664 episcopos
1102 5602 1161 5665 per
1177 5579 1224 5643 di·
1280 5579 1386 5664 presb.
1404 5578 1547 5657 XVIIII,
1572 5579 1652 5644 diac.
1679 5578 1789 5660 XXII,
1812 5582 1980 5666 episcopos
2004 5580 2081 5648 XII.

425 5703 519 5747 versa
542 5682 613 5746 loca
637 5681 713 5746 XII.
770 5681 832 5756 Qui
864 5683 961 5747 etiam
996 5683 1141 5766 sepultus
1176 5691 1226 5746 est
1250 5650 1254 5764 Ι
1280 5682 1499 5768 Sepultusque
1533 5691 1583 5747 est
1616 5684 1707 5747 iuxta
1731 5704 1847 5771 corpus
1878 5683 1964 5748 beati
1991 5682 2081 5749 Petri
