4658 6576
965 459 1182 517 ΕΡΙΤΟΜΔΕ

531 632 758 689 FELICIANA

242 738 285 804 ad
307 745 453 804 sanetum
475 737 696 803 Laurentium.
747 737 895 805 Cessavit
916 740 1040 825 episco-

241 851 335 930 patus
359 843 428 909 dies
450 842 544 909 XXI.

285 1020 378 1064 xnvu.
401 999 486 1081 Lao,
521 999 652 1063 natione
692 997 832 1081 Tuscus,
871 1020 914 1064 ex
950 1006 1042 1086 patre

243 1100 427 1180 Quintiano,
441 1101 525 1167 sedit
541 1123 614 1168 ann.
624 1101 708 1166 XXI
720 1103 851 1167 menal
866 1103 936 1168 dies
948 1102 1041 1167 XIII.

242 1223 306 1287 Hic
329 1223 406 1288 fecit
429 1223 639 1288 constitutum
663 1221 869 1290 deecclesia.
907 1223 970 1288 IIie
992 1226 1037 1289 in-

241 1326 331 1391 venit
353 1325 433 1391 duas
454 1327 598 1409 hereses,
615 1326 775 1391 Euthioen
792 1334 825 1391 et
840 1326 1041 1393 Nestorium:

243 1436 277 1495 et
306 1450 365 1516 per
392 1436 507 1517 rogato
541 1431 696 1495 Marciani
724 1430 842 1516 Agusti
870 1430 1042 1495 orthodoxi

242 1535 402 1619 principes
433 1554 476 1599 ex
504 1534 599 1599 huius
628 1540 824 1620 preceptum
850 1536 1044 1599 factumest

241 1638 409 1702 concilium
432 1644 616 1702 sanctorum
641 1639 864 1724 episcoporum
887 1637 920 1702 in
937 1635 1041 1702 Calci-

242 1740 328 1805 dona
351 1741 502 1817 Orientis,
525 1741 558 1805 in
581 1741 714 1806 basilica
737 1748 868 1807 sanctae
892 1743 1042 1826 martyris

244 1844 465 1929 Euphemiae,
490 1851 524 1909 et
546 1851 723 1930 congregat
744 1843 912 1910 CCLXVI
935 1864 1040 1909 saeer-

243 1948 337 2012 dotes
360 1954 394 2012 et
417 1949 561 2030 aliorum,
587 1970 722 2034 quorum
742 1949 962 2034 cyrographus
985 1969 1042 2012 cu-

242 2052 348 2132 currit,
372 2050 533 2117 CCCCVI
553 2053 788 2140 episcoporum,
812 2054 866 2139 qui
888 2051 1041 2117 condem·

243 2162 401 2220 naverunt
423 2155 584 2220 Eutiehen
607 2162 640 2220 et
663 2154 857 2222 Nestorium.
903 2155 946 2221 Et
968 2163 1042 2243 post

242 2258 311 2322 dies
334 2257 430 2322 XLII
459 2260 537 2323 item
565 2260 598 2323 iu
628 2279 725 2323 uuum
756 2261 947 2345 congregati
969 2282 1040 2323 cum

240 2362 458 2448 cyrograpbis,
475 2364 529 2449 qui
553 2363 712 2449 presentis
729 2364 858 2428 fuerunt
873 2383 1038 2449 exponen-

241 2471 291 2529 tes
314 2464 410 2530 fidem
426 2465 516 2531 MCC
541 2467 684 2553 episcopi
700 2487 772 2531 cunr
788 2466 937 2553 Augusto
953 2466 1039 2531 hIar·

241 2571 332 2633 ciano
360 2569 520 2655 piissimo,
552 2571 607 2655 qui
636 2568 734 2634 fidem
767 2590 858 2633 suam
881 2591 1040 2635 unacum

241 2672 391 2758 Augusta
411 2672 557 2737 Placidia
580 2673 708 2760 publice
732 2679 808 2737 ante
832 2680 1039 2760 conspectum

240 2783 424 2842 sanctorum
452 2775 657 2841 sacerdotum
680 2778 907 2863 episcoporum
929 2777 1037 2843 decla-

240 2881 338 2960 ravit,
371 2879 427 2944 ubi
459 2880 575 2944 iterum
605 2879 775 2946 damnatus
802 2881 943 2947 Eutioes.
997 2882 1040 2947 Et

240 2983 445 3069 postmodum
458 2989 553 3069 rogat
563 2985 740 3071 imperator
753 2984 930 3050 Martianus
946 2987 1039 3051 simul

240 3108 313 3152 cunr
337 3088 499 3174 episcopis
522 3086 577 3152 CL
612 3094 646 3152 et
679 3088 766 3152 rnisIt
800 3110 892 3154 sacra
922 3111 1040 3176 rogans

239 3189 351 3256 Leone
365 3212 460 3278 papa,
474 3199 510 3256 ut
521 3190 620 3256 fidem
636 3194 818 3279 expositam
834 3192 911 3259 fidei
927 3195 1038 3259 catho-

239 3295 321 3359 licae
356 3301 389 3359 ct
420 3296 618 3381 apostolicae
650 3297 681 3361 ei
709 3295 864 3381 dirigerit.
917 3298 1040 3363 Beatus

241 3418 317 3462 vero
340 3398 410 3463 Leo
435 3401 586 3486 exposuit
620 3405 653 3462 et
688 3398 807 3465 direxit
837 3402 983 3466 thomum
1007 3407 1041 3466 ct

239 3501 378 3568 firmavit
400 3502 558 3588 synodum
582 3509 736 3568 sanctum.

239 3845 302 3910 Hie

241 4084 317 4148 Icoit
341 4086 494 4171 epistolas
523 4088 640 4151 multas
670 4108 836 4174 exponens
866 4086 962 4153 fidem
986 4107 1037 4152 ca-

240 4187 393 4253 tholicam
424 4197 563 4273 rectam,
594 4212 677 4277 quac
712 4190 809 4257 hodie
843 4192 951 4256 arcivo
985 4212 1039 4255 ec·

241 4292 360 4357 clesiae
383 4292 531 4359 Romane
556 4301 715 4377 tenentur,

241 4610 274 4668 et
287 4602 494 4684 decretalem,
509 4624 604 4690 quem
618 4624 676 4689 per
688 4604 871 4669 universum
886 4603 1039 4670 mundum

240 4728 398 4793 spargens
421 4707 600 4772 sominavit.

240 4828 303 4892 IIie
328 4828 405 4892 fecit
427 4825 645 4892 ordinationes
668 4826 736 4891 IIII

240 4969 299 5034 per
322 4968 421 5011 mens.
446 4946 614 5028 Deccmb,

241 5068 348 5154 presb.
365 5066 519 5148 LXXXI,
541 5068 622 5133 diac.
637 5068 764 5152 XXXI,
789 5070 958 5156 episcopos
981 5089 1040 5155 per

238 5174 312 5237 loca
336 5170 501 5236 CLXXV.

1833 460 1896 525 253

1380 630 1616 690 OONONIANA

1095 738 1136 803 ad
1160 743 1305 803 sanctum
1328 737 1549 804 Laurentium.
1599 739 1642 804 Et
1664 739 1803 805 cessavit
1825 741 1895 827 cpi·

1095 847 1245 928 scopatus
1269 840 1338 906 dies
1360 840 1470 906 XXII.

1139 1017 1232 1063 xuvu.
1260 996 1344 1078 Leo,
1382 998 1512 1062 natione
1545 997 1682 1081 Tuscus,
1721 1020 1763 1063 ex
1802 1005 1894 1086 patre

1096 1100 1279 1184 Quintiano,
1296 1100 1381 1165 sedit
1397 1122 1448 1167 an.
1465 1101 1547 1166 XXI
1563 1123 1664 1167 mons.
1682 1102 1700 1166 I
1715 1100 1784 1167 dies
1799 1102 1895 1169 XIII.

1093 3617 1156 3682 Hie
1179 3617 1356 3682 ministeria
1369 3616 1539 3683 Romanae
1556 3620 1715 3685 ccclesiae
1732 3627 1806 3707 post
1822 3620 1892 3685 bel·
1920 3690 1924 3698 ,

1093 3720 1158 3784 lum
1175 3719 1402 3786 Wandalicunr
1425 3723 1602 3787 renovavit.

1093 3857 1156 3922 Hic

1093 4000 1164 4045 cum
1187 3980 1296 4045 multis
1319 3980 1477 4067 episeopis

1093 4121 1260 4186 exponens
1297 4099 1394 4165 tidem
1427 4101 1619 4166 catholicam
1652 4108 1793 4185 rectam,
1829 4124 1892 4189 qus

1093 4203 1189 4269 hodie
1212 4204 1342 4269 archivo
1370 4205 1528 4271 eeclesiae
1554 4205 1724 4271 Romanae
1753 4214 1892 4292 tenetur,

1093 4401 1226 4481 propter
1258 4395 1398 4459 heresim
1432 4392 1591 4460 Euticium
1627 4404 1661 4460 et
1695 4397 1890 4481 Nestorium,

1094 4499 1147 4587 qui
1171 4499 1240 4563 eius
1262 4498 1462 4584 temporibus
1485 4497 1685 4567 damnantur.

1092 4841 1155 4907 Hic
1178 4842 1255 4908 feeit
1277 4842 1495 4910 ordInationos
1511 4844 1586 4925 VII,

1091 5084 1200 5169 presb.
1229 5082 1407 5167 LXXVII,
1453 5085 1533 5151 diae.
1566 5085 1681 5169 XXX,
1720 5089 1891 5174 episcopos

1092 5185 1256 5252 CLXXV.

1090 5306 1154 5372 Hic
1176 5308 1344 5373 renovarit
1365 5308 1498 5374 basilica
1520 5310 1609 5375 beati
1631 5310 1721 5375 Petri
1745 5316 1779 5374 et
1800 5310 1890 5375 beati

1090 5410 1186 5476 Pauli
1222 5411 1441 5498 apostolorum
1480 5420 1554 5500 post
1590 5416 1699 5500 ignem
1731 5412 1892 5492 diuinum;

1091 5516 1168 5579 tecit
1204 5521 1238 5579 et
1277 5516 1395 5580 multas
1432 5516 1591 5582 basilicas.
1657 5517 1721 5582 Hic
1757 5524 1893 5605 propter

1090 5638 1209 5683 nomeu
1238 5618 1459 5686 Romanorum
1493 5620 1670 5687 ambularit
1704 5621 1746 5686 ad
1779 5644 1893 5709 rogem

1091 5721 1279 5788 Chunorum
1293 5723 1452 5790 Atthilam
1476 5731 1511 5791 et
1532 5724 1683 5791 liberarit
1705 5731 1809 5790 totam
1824 5724 1893 5791 Ita·
