4658 6576
422 432 563 488 CXXXVI
1111 429 1397 488 Paouueouuus.

424 606 667 671 HadrianumI
701 609 735 688 (†
759 605 836 690 795)
868 611 901 670 et
932 626 1015 693 quse
1048 611 1162 671 extant
1196 606 1455 671 continuationes
1490 605 1532 671 ad
1567 605 1771 692 Stephanum
1791 605 1824 670 V
1846 605 1881 691 (†
1903 603 1982 690 891)
2010 626 2083 670 cum

423 711 536 796 paucis
567 709 790 775 tantummodo
826 715 859 774 et
893 710 946 775 hic
973 710 1039 774 illic
1069 710 1256 797 interruptis
1287 710 1528 797 exemplaribus
1555 709 1694 775 traditae
1717 710 1795 790 sint,
1818 714 1928 796 potest
1950 707 2083 775 defendi

423 815 457 878 in
472 813 672 879 Hadrianol
695 814 786 879 finire
809 814 926 878 librum
946 814 1185 889 Pontificalem;
1209 821 1297 879 certe
1321 815 1570 879 instaurationes
1593 814 1712 900 operis,
1735 834 1815 899 quas
1838 818 1988 879 auctores
2012 813 2082 900 qui·

426 917 502 982 dam
524 920 721 1005 posteriores
744 924 993 1004 temptaverunt,
1017 917 1179 983 diversam
1203 918 1332 982 omniuo
1355 917 1668 983 administrationem
1690 918 1867 1004 requirunt.
1911 915 2082 981 Nihilomi-

423 1043 483 1085 nus
516 1023 593 1086 satis
623 1022 723 1087 habui
746 1043 862 1108 corpus
883 1023 1021 1086 vitarum
1046 1021 1209 1086 conditum
1232 1021 1362 1085 saeculo
1386 1023 1524 1106 septimo
1547 1042 1718 1087 recensere
1742 1042 1814 1086 cum
1838 1021 1990 1086 auctariis
2013 1021 2083 1085 eius

424 1125 674 1211 antiquioribus,
709 1127 843 1212 partini,
876 1130 912 1190 ut
945 1125 1014 1190 dixi
1045 1125 1091 1212 (p.
1107 1125 1201 1207 XV),
1231 1130 1365 1211 propter
1395 1124 1552 1190 Lucensis
1586 1126 1660 1191 libri
1691 1125 1937 1206 auctoritatem,
1964 1125 2083 1210 partim

425 1229 577 1315 quoniam
604 1249 711 1294 reruni
739 1230 860 1293 saeculi
888 1230 993 1293 octavi
1016 1229 1164 1294 tractatio
1196 1229 1319 1293 ameis
1343 1227 1456 1293 studiis
1479 1229 1586 1293 aliena
1609 1234 1668 1294 est.
1712 1228 1823 1314 Ipsam
1849 1228 1933 1292 hanc
1955 1234 2084 1314 partem

425 1333 552 1418 suscepi
580 1333 698 1397 invitus
726 1342 760 1397 et
787 1332 1026 1419 quodammodo
1054 1333 1248 1398 necessitate
1277 1337 1417 1397 coactus.
1474 1330 1606 1397 Scilicet
1640 1332 1858 1396 monumentis
1886 1330 2083 1396 Germaniae

428 1436 587 1501 historicis
610 1436 744 1502 edendis
768 1439 821 1524 qui
843 1458 1033 1523 praesumus
1059 1438 1197 1502 vitarum
1219 1437 1455 1522 pontificiarum
1482 1437 1613 1523 plenam
1640 1437 1789 1524 syllogen
1815 1435 1857 1500 ab
1878 1436 1957 1521 ipsis
1979 1437 2082 1500 socie-

425 1541 501 1605 tatis
528 1545 659 1605 nostrae
688 1541 870 1627 primordiis
896 1542 1024 1627 publice
1051 1542 1242 1627 promissam
1271 1562 1343 1606 cum
1371 1540 1635 1626 intellegeremus
1664 1547 1731 1605 tam
1763 1546 1898 1626 propter
1923 1539 2083 1626 pollicita·

427 1643 532 1708 tiones
560 1664 615 1708 eas
651 1665 748 1731 quam
783 1652 917 1731 propter
952 1647 1092 1732 aliquam
1125 1666 1231 1711 rerum
1264 1646 1494 1710 necessitatem
1528 1646 1632 1710 omitti
1663 1666 1728 1710 non
1760 1665 1875 1730 posse,
1909 1645 1940 1709 ei
1973 1651 2084 1709 autem

426 1771 547 1836 operae
569 1752 624 1837 qui
646 1772 681 1815 se
705 1753 890 1837 accingeret
912 1751 967 1817 diu
990 1753 1171 1837 quaesitum
1193 1773 1258 1817 non
1272 1753 1501 1838 reperiremus,
1516 1753 1659 1816 maxime
1682 1756 1756 1837 post
1778 1748 1901 1814 editam
1916 1751 2084 1835 egregiam

428 1853 603 1919 Duchesnii
634 1855 856 1921 recensionem
887 1857 1055 1922 iuvenibus
1085 1856 1126 1921 ab
1159 1857 1376 1921 aemulatione
1407 1855 1584 1936 deterritis,
1619 1876 1655 1920 re
1690 1876 1750 1942 per
1783 1855 1892 1940 plures
1924 1854 2085 1919 sessiones

426 1957 609 2022 deliberata
633 1959 736 2045 prima
758 1981 833 2047 pars
856 1961 964 2047 operis
986 1961 1066 2025 mihi
1082 1959 1279 2025 demandata
1301 1965 1361 2025 est.
1405 1959 1490 2024 Eum
1517 1960 1664 2024 lahorem
1692 1959 1757 2023 iam
1779 1963 1816 2022 ut
1837 1959 1930 2044 potui
1952 1957 2085 2044 perfeci,

427 2081 488 2125 nec
523 2059 678 2133 deemnt,
709 2063 769 2127 nisi
803 2063 886 2128 fallit
918 2065 1002 2129 iusta
1035 2064 1236 2150 expectatio,
1272 2064 1327 2149 qui
1352 2063 1567 2149 posteriorum
1602 2063 1828 2150 episcoporum
1861 2063 1945 2126 vitas
1978 2082 2086 2126 rerum

427 2162 697 2229 Germanicarum
722 2165 872 2230 studiosis
900 2167 1099 2252 aliquantum
1122 2166 1267 2230 utiliores
1291 2165 1465 2252 diligenter
1493 2171 1684 2231 recenseant
1714 2165 1798 2230 hanc
1820 2185 1929 2230 meam
1951 2184 2085 2250 operam

428 2268 671 2349 continuantes,
700 2275 737 2332 ut
759 2269 805 2332 ita
833 2290 917 2355 quae
944 2270 977 2333 in
999 2269 1163 2333 societatis
1185 2275 1315 2333 nostrae
1338 2269 1465 2355 scriptis
1495 2268 1601 2334 adhuc
1625 2267 1811 2333 desiderata
1832 2273 1922 2348 sunt,
1953 2266 2086 2333 tandem

427 2369 603 2457 aliquando
628 2372 831 2457 expleantur.
1511 2448 1515 2456 ,

535 2473 673 2540 Codices
694 2473 737 2538 ad
750 2474 835 2539 hanc
850 2475 1072 2540 recensionem
1091 2474 1253 2540 adhibitos
1270 2477 1350 2541 ahos
1365 2476 1519 2562 integros,
1543 2477 1624 2541 alios
1647 2475 1689 2540 ad
1712 2477 1877 2562 specimen
1900 2477 2088 2542 enumeravi

427 2598 525 2664 supra
545 2578 593 2664 (p.
608 2577 674 2663 Il);
699 2580 932 2665 prolegomena
955 2586 1176 2665 exposuerunt
1198 2601 1255 2644 cur
1275 2579 1347 2645 illos
1370 2580 1558 2666 selegerim,
1581 2580 1642 2645 hos
1664 2579 1842 2663 reiecerim,
1866 2585 1995 2644 secutus
2018 2579 2086 2645 fere

426 2681 460 2746 iu
491 2680 639 2747 omnibus
668 2680 900 2747 Duchesnium.
957 2681 1113 2748 Codicum
1142 2690 1237 2748 natm
1263 2704 1392 2770 quoque
1419 2683 1461 2748 ab
1494 2704 1534 2750 eo
1567 2685 1723 2749 formatas
1755 2684 1928 2771 plerasque
1959 2684 2086 2765 retinui,

428 2784 925 2852 scincetA1-⁶B¹-⁷0¹-⁴D¹
949 2786 998 2871 (D
1018 2786 1138 2871 Ducis.)
1154 2786 1316 2851 Ε102Μῶ
1332 2786 1400 2867 (Ε3
1414 2786 1521 2851 Dect.
1544 2787 1623 2852 mihi
1652 2794 1703 2852 est
1725 2787 1826 2866 Mur.)
1847 2786 1955 2852 F¹·²·³
1971 2787 2088 2874 (ΡΜ

427 2888 549 2974 Ducit.)
576 2889 663 2954 6111
686 2889 739 2973 (H
757 2889 878 2976 Ducit.)
900 2890 941 2955 K
945 2889 985 2930 ¹·²
1009 2889 1064 2976 (K
1063 2889 1103 2930 ‘l’
1126 2888 1244 2973 Ducb.)
1270 2891 1307 2954 Τ.
1359 2890 1531 2955 Librorum
1566 2892 1769 2978 aliquatenus
1805 2893 1931 2957 utilium
1963 2893 2086 2957 variam

429 2994 603 3059 lectionem
626 2993 704 3059 dedi
724 2996 901 3080 integram
923 3016 999 3059 nam
1022 2993 1063 3058 ad
1086 2995 1243 3059 selectam
1267 2994 1308 3059 de
1331 2996 1418 3061 nullo
1442 2995 1525 3060 libro
1549 3001 1638 3061 recte
1654 2995 1789 3061 iudicari
1805 3002 1924 3082 potest.
1969 2994 2088 3060 Libros

430 3117 490 3183 per
512 3116 548 3161 se
570 3097 700 3162 inutiles
722 3098 809 3185 quod
831 3119 896 3164 non
918 3100 1015 3185 plene
1039 3099 1167 3184 sprevi,
1191 3097 1249 3162 sed
1272 3099 1438 3185 specimen
1462 3120 1574 3164 eorum
1599 3120 1730 3186 quoque
1754 3099 1845 3179 dedi,
1867 3099 1943 3165 ideo
1965 3099 2088 3165 iactum

431 3208 491 3283 est,
516 3199 606 3287 quod
628 3201 826 3268 Pontificalis
849 3203 923 3268 libri
944 3203 1111 3289 usurpatio
1134 3203 1166 3266 in
1189 3222 1298 3267 rerum
1321 3203 1436 3268 notitia
1459 3208 1493 3267 et
1514 3204 1586 3289 ipsa
1601 3203 1744 3289 aliquem
1760 3206 1869 3270 locum
1892 3205 1954 3270 sibi
1976 3209 2087 3291 postu-

431 3306 479 3370 lat
502 3311 536 3371 et
558 3304 690 3371 editoris
712 3306 841 3374 videtur
869 3328 942 3373 esse
971 3329 1081 3373 curam
1103 3327 1218 3394 agere,
1241 3313 1278 3371 ut
1301 3327 1363 3393 quo
1388 3308 1572 3393 pertineant
1593 3308 1712 3392 siuguh
1741 3308 1815 3373 libri
1838 3313 1873 3373 et
1897 3310 1968 3396 quis
1990 3329 2088 3396 quem

431 3407 617 3475 adhibuerit
640 3409 848 3477 determinari
870 3413 982 3499 possit.

535 3512 575 3577 Iu
597 3514 854 3602 orthographicis
877 3515 1024 3602 expressi
1046 3513 1192 3580 codicem
1216 3520 1250 3579 et
1271 3515 1429 3601 optimum
1452 3521 1486 3579 et
1506 3515 1729 3601 plenissimum
1761 3515 1945 3581 Lucensem
1967 3515 2031 3598 ita,
2053 3520 2090 3580 ut

430 3619 488 3684 ubi
510 3617 610 3683 editio
640 3619 682 3684 ab
706 3640 745 3685 eo
769 3619 895 3685 recedit
915 3619 950 3684 id
972 3619 1138 3684 adnotatio
1163 3619 1317 3683 enuntiet.
1364 3618 1495 3684 Scilicet
1516 3625 1553 3683 ut
1574 3620 1607 3684 in
1630 3621 1800 3685 sententiis
1820 3621 1868 3685 ita
1890 3620 1923 3683 in
1946 3617 2088 3685 vocabu-

431 3723 471 3787 lis
494 3721 652 3788 barbarus
674 3729 788 3788 auctor
811 3724 852 3788 ad
875 3745 968 3788 suam
991 3723 1128 3787 formam
1151 3721 1296 3787 edendus
1319 3723 1389 3805 fuit,
1415 3743 1499 3809 quae
1522 3724 1594 3809 ipsa
1616 3729 1652 3787 ut
1673 3723 1799 3789 mendis
1821 3723 1967 3810 plurimis
1982 3723 2091 3788 obsita

433 3833 492 3909 est,
514 3828 561 3892 ita
582 3829 725 3893 melioria
748 3829 865 3893 aetatis
887 3828 1016 3893 residua
1039 3826 1200 3914 quaedam
1223 3832 1342 3909 serrat,
1366 3833 1402 3891 ut
1425 3847 1498 3892 raro
1515 3827 1753 3893 confunduntur
1773 3849 1790 3892 e
1814 3834 1848 3893 et
1870 3847 1918 3909 cc,
1940 3847 1958 3890 c
1979 3833 2089 3891 autem

433 3951 493 4017 pro
515 3935 529 3994 t
550 3951 616 3995 non
637 3932 756 4016 legitur
778 3933 840 3998 nisi
862 3952 925 3997 uno
949 3932 1019 3996 loco
1044 3932 1111 4018 (78,
1128 3957 1151 3998 ιι
1174 3931 1323 4009 ursatio).
1369 3930 1443 3996 Hoc
1465 3929 1656 4013 videndum,
1687 3938 1809 4014 utrum,
1838 3937 1876 3996 ut
1897 3935 2034 4018 apparet
2056 3935 2091 3994 et

431 4037 466 4101 in
490 4035 628 4100 bucensi
650 4035 733 4100 libro
757 4043 791 4101 et
811 4038 845 4100 in
867 4036 938 4100 aliis
961 4035 1194 4120 antiquioribus
1216 4033 1266 4120 (ut
1291 4038 1340 4116 16,
1356 4033 1384 4119 ι)
1414 4035 1606 4121 quibusdam
1629 4037 1723 4115 locis,
1747 4035 1895 4101 librarius
1915 4038 2092 4117 perterret

433 4139 549 4204 similia
564 4137 691 4203 dederit
707 4160 765 4225 pro
784 4145 914 4220 poneret
936 4141 1044 4204 littera
1065 4139 1153 4204 finali
1177 4140 1296 4204 extrita
1318 4138 1495 4203 seeundum
1517 4139 1783 4205 consuetudinem
1800 4139 1918 4203 Italam
1940 4158 1984 4202 an
2004 4137 2090 4202 male

434 4242 615 4310 confuderit
642 4241 832 4307 infinitivum
861 4264 933 4307 cum
962 4243 1073 4306 formis
1103 4248 1300 4329 temporum;
1331 4242 1448 4307 similia
1479 4241 1646 4307 adnotavit
1670 4242 1781 4308 Sichel
1805 4243 1839 4307 in
1861 4241 1944 4306 libro
1966 4239 2090 4305 Diurno

433 4347 536 4434 praef.
558 4367 591 4433 p.
606 4344 797 4410 LXXXIII.
830 4382 865 4392 -
898 4345 1122 4432 Antiquissimi
1152 4346 1294 4428 omnium
1322 4345 1519 4430 exemplaris
1549 4345 1756 4432 Neapolitani
1788 4343 2045 4432 orthographicis
2072 4364 2092 4408 a

434 4451 564 4518 Pertnio
593 4449 707 4516 sedulo
737 4450 876 4514 enotatis
905 4454 1097 4535 apparatum
1130 4469 1266 4514 onerare
1295 4449 1384 4513 nolui
1419 4449 1566 4534 exceptis
1594 4450 1717 4515 scilicet
1744 4449 1927 4514 nominibus
1954 4448 2092 4534 propriis

434 4558 570 4643 aliisque
597 4554 740 4628 selectis;
768 4555 894 4640 reliqua
924 4555 1119 4640 (suppressis
1141 4559 1252 4618 tamen
1276 4553 1345 4618 fere
1368 4554 1512 4618 locorum
1544 4552 1818 4640 adlegationibus)
1840 4555 1924 4619 inira
1945 4553 2092 4641 apposui,

435 4661 587 4748 quoniam
609 4659 718 4724 facere
742 4664 875 4744 possunt
896 4658 939 4723 ad
962 4658 1110 4723 codicum
1133 4658 1270 4722 eliorum
1293 4662 1420 4722 aetates
1445 4663 1479 4721 et
1500 4657 1643 4741 origines
1659 4657 1886 4745 exquirendas.
1929 4657 1969 4722 In
1990 4676 2092 4746 appa·

434 4771 541 4832 ratum
564 4783 648 4850 quae
672 4768 806 4850 recepta
827 4768 901 4827 sunt
923 4763 1079 4849 pleraque
1102 4761 1258 4827 hocloco
1280 4781 1345 4825 non
1367 4766 1569 4847 repetuntur.

541 4888 581 4933 ae
603 4871 633 4932 et
655 4871 908 4947 epermutotac:

592 4990 632 5035 ae
650 4991 712 5051 pro
733 4991 768 5034 e:
790 4971 828 5035 s'n
848 4969 1069 5035 minuatione
1090 4967 1298 5034 cbbtioorm
1322 4973 1352 5033 et
1372 4968 1591 5033 odoeaomm
1613 4967 1801 5053 relegiosus
1824 5003 1865 5015 -
1887 4965 2094 5032 Haebraicae

644 5112 686 5121 -
703 5073 850 5139 Latinae.
896 5073 1070 5138 Praetereo
1093 5072 1329 5159 compraehinsi
1345 5110 1385 5120 -
1403 5071 1618 5158 depraecetur
1638 5108 1682 5119 -
1704 5071 1912 5136 liaebraicae
1935 5106 1975 5120 -
1998 5091 2094 5157 prae·

644 5199 756 5243 camur
778 5217 818 5226 -
841 5177 1034 5265 praesbyter
1054 5175 1148 5242 semel
1168 5175 1366 5258 (perenm
1388 5176 1583 5259 compendio)
1605 5214 1648 5223 -
1668 5177 1840 5261 practice.

593 5302 612 5348 e
630 5303 692 5363 pre
714 5303 753 5347 ee
777 5283 871 5365 (recte
883 5281 1062 5347 Nicaea-
1079 5281 1261 5367 paeniteut-
1279 5317 1320 5329 -
1335 5281 1494 5361 saecul·):
1519 5279 1716 5344 adherentes
1738 5313 1783 5328 ·-
1806 5297 1901 5344 erens
1915 5276 2095 5343 aethereus

640 5385 824 5467 plerumque
850 5387 964 5465 (herea
991 5407 1070 5451 corr.
1098 5386 1136 5449 ιἰι
1165 5404 1264 5449 aerea
1286 5389 1338 5465 71,
1354 5385 1384 5469 ι)
1417 5421 1457 5434 -
1487 5384 1657 5449 extimatie
1681 5385 1746 5468 (88,
1763 5405 1803 5458 ιι;
1830 5383 1880 5447 se
1907 5381 1968 5446 hoo
1992 5385 2096 5446 aeae

644 5488 779 5568 contbcs'
799 5488 897 5554 solere
917 5488 1070 5554 vocabulo
1092 5489 1265 5553 aestimare
1288 5492 1318 5552 et
1340 5487 1528 5553 existimare
1550 5487 1675 5552 monuit
1701 5485 1863 5551 haceca
1883 5485 1952 5551 iad.
1971 5484 2096 5550 Casae

646 5593 712 5658 dor.
731 5614 767 5674 p.
783 5594 860 5677 513)
883 5630 926 5641 —
949 5592 1074 5659 Grecus
1096 5597 1275 5658 solemnior
1294 5592 1361 5674 fere
1377 5591 1545 5675 (Graeciae
1561 5595 1591 5673 7,
1607 5591 1648 5675 rs)
1669 5626 1713 5639 -
1735 5589 1899 5656 hereticus
1917 5594 2098 5655 mactantes

646 5733 687 5744 -
710 5697 873 5762 Manichei
896 5733 938 5744 —
959 5697 1053 5762 lebus
1075 5701 1266 5763 mustum
