4658 6576
1108 426 1393 485 sectationem.

679 603 772 688 plmo
802 603 958 685 (XXXI.
989 603 1132 669 XXXV.
1168 603 1333 669 XXXVI.
1364 601 1514 668 XLVII.
1545 602 1714 670 XLVIII.
1754 603 1891 689 XLIX)
1914 605 2077 686 probabile

679 713 726 772 est
747 729 817 772 eam
837 728 903 773 non
928 707 969 772 ab
995 708 1197 788 epitomatorc
1224 708 1371 772 amissam
1399 728 1479 784 esse,
1500 707 1556 772 sed
1576 707 1700 789 afuisse
1721 729 1743 773 a
1764 710 1941 775 recessione
1955 710 2075 791 priore.

679 812 759 893 Ipsa
780 812 941 894 posterior
967 810 1144 877 luculenter
1172 812 1307 877 ostendit
1328 809 1508 876 carmulam
1536 811 1575 875 de
1603 833 1670 894 quo
1698 813 1807 895 apitm
1835 812 2077 895 interpolatione

679 916 836 982 adiectam
858 938 923 982 esse
938 938 1000 999 per
1019 916 1143 1000 pradces
1163 921 1331 994 crescente,
1354 920 1393 980 ut
1413 915 1643 997 expectandum
1663 917 1730 998 tuit
1746 922 1877 999 propter
1898 917 2077 983 clausulam

677 1019 811 1086 alteram
832 1041 902 1086 vere
923 1021 1091 1103 antiquam
1113 1040 1172 1108 per
1195 1019 1323 1086 diverm
1344 1021 1417 1085 loca
1438 1021 1648 1102 requirentem
1670 1021 1755 1103 quod
1776 1021 1837 1087 sibi
1858 1028 2077 1104 opponeretur.

678 1124 765 1190 Nom
787 1123 861 1189 libri
881 1124 1072 1189 recensionis
1086 1123 1203 1206 plenae
1224 1144 1330 1188 omnes
1351 1122 1530 1189 claumlam
1551 1122 1640 1189 mam
1662 1145 1726 1189 non
1748 1124 1862 1190 babent
1882 1127 1949 1190 nisi
1976 1126 2078 1192 decies

680 1230 742 1311 (cp.
765 1228 904 1295 XXXI.
938 1227 1108 1293 XXXVI.
1145 1227 1292 1293 XLVII.
1327 1227 1496 1293 XLVIII.
1530 1227 1660 1294 XLIX.
1695 1229 1796 1295 LIII.
1825 1229 1947 1296 LIIII.
1982 1229 2075 1295 LVI.

680 1332 814 1398 LVIII.
848 1333 960 1416 LIX),
996 1332 1110 1398 tabent
1142 1332 1258 1398 classes
1281 1333 1392 1413 prium
1418 1337 1448 1396 et
1476 1332 1617 1397 secunda
1644 1337 1691 1398 ter
1714 1332 1935 1414 (erXXV.
1961 1334 2076 1400 XLII.

685 1434 823 1520 XLIII)
844 1442 955 1502 contra
977 1438 1122 1515 tertiam;
1153 1437 1264 1502 classis
1295 1437 1437 1501 secunda
1453 1435 1642 1519 plerumnque
1664 1458 1736 1502 cum
1758 1438 1853 1503 tertia
1876 1443 1988 1503 contra
2003 1439 2076 1521 pri·

681 1562 765 1606 mam
780 1541 1005 1623 undeciesmp.
1023 1541 1348 1607 XXXVII—XLI.
1374 1540 1464 1605 XLI
1469 1539 1669 1606 V-XLVI.
1693 1540 1863 1616 L-LII).
1909 1540 2078 1608 Nonrecte

681 1646 797 1710 statuit
818 1645 1030 1710 Harnaclcius
1051 1645 1230 1710 clausulam
1246 1646 1391 1727 primmn
1409 1644 1544 1726 reperiri
1564 1645 1601 1710 in
1615 1645 1731 1711 Marco
1746 1650 1808 1726 (ep.
1823 1643 1929 1710 XXX
1933 1643 1984 1728 D,
2006 1665 2078 1708 cum

681 1750 768 1814 adsit
783 1750 849 1813 iam
864 1753 960 1814 antea
975 1749 1151 1831 aliquoties,
1166 1770 1266 1831 neque
1287 1747 1353 1814 ullo
1374 1748 1463 1813 modo
1485 1769 1524 1813 ec
1544 1749 1687 1814 nmnmis
1709 1749 1947 1815 ordinationum
1961 1746 2077 1828 efficie-

679 1858 733 1917 tur
764 1873 785 1915 a
809 1852 924 1918 Marco
957 1854 1032 1918 inde
1065 1853 1188 1919 tradita
1217 1874 1239 1917 a
1262 1852 1525 1934 praecedentibus
1555 1873 1622 1919 cere
1649 1852 1789 1932 differre.
1835 1851 1970 1917 Omuiuo
1991 1851 2078 1932 afuit

680 1956 828 2021 clausula
858 1957 891 2021 ia
919 1958 1000 2022 urbe
1028 1957 1134 2021 Roma
1156 1978 1178 2019 a
1199 1956 1353 2021 sebenrate
1375 1957 1517 2037 antiquo.
1561 1954 1632 2020 Hoc
1653 1956 1787 2037 sortasse
1815 1955 1944 2037 &feudi
1958 1956 2079 2037 poterit

674 2065 749 2141 post
777 2060 957 2142 Apapetum
984 2061 1046 2142 (ep.
1070 2059 1169 2139 LIX)
1201 2059 1294 2124 verba
1327 2060 1360 2123 in
1394 2058 1474 2123 urbe
1509 2058 1616 2123 Roma
1644 2058 1784 2140 amplius
1808 2080 1873 2125 non
1900 2079 2078 2141 comparere

674 2167 845 2244 propterca
877 2164 962 2246 quod
994 2164 1211 2229 ordinationes
1239 2163 1431 2245 posteriores
1463 2161 1595 2227 aliunde
1619 2163 1783 2244 profectae
1809 2169 1898 2242 sunt,
1931 2163 1968 2228 id
1994 2163 2080 2245 quod

676 2271 811 2348 propter
832 2266 918 2331 alias
940 2287 1056 2332 causas
1076 2267 1192 2331 statuit
1214 2266 1433 2331 Harnaclrius.

577 2370 721 2436 Mensem
747 2371 792 2435 ad
818 2371 1035 2436 ordinationes
1064 2370 1278 2452 adscriptum,
1299 2369 1489 2452 plerumque
1515 2368 1729 2447 Decembrem,
1758 2369 1803 2435 ad
1831 2370 1916 2436 solas
1936 2370 2080 2436 urbanas

676 2475 930 2560 presbyterorum
952 2480 982 2540 et
1003 2475 1208 2540 dcacmrorum
1224 2475 1386 2556 pertinere
1408 2473 1577 2539 ostendunt
1602 2473 1662 2538 loci
1681 2474 1819 2539 rmaivu
1832 2495 1868 2555 p.
1885 2478 1916 2552 6,
1931 2496 1953 2541 o.
1977 2478 2029 2554 43,
2042 2494 2077 2539 a.

681 2583 734 2658 80,
753 2599 776 2637 u
798 2579 986 2663 (secundum
1009 2578 1168 2644 lectionem
1189 2579 1276 2644 codd.
1301 2578 1491 2660 optimorum
1512 2576 1549 2643 cl.
1566 2579 1592 2642 I
1608 2582 1638 2642 et
1654 2574 1704 2656 II,
1727 2598 1824 2660 quam
1839 2599 1944 2644 errore
1957 2580 2078 2664 reieci).

683 2683 769 2748 Eam
791 2683 884 2765 lcpem
905 2683 942 2748 in
962 2683 1030 2748 vita
1051 2681 1142 2748 Petri
1164 2683 1215 2765 (I)
1245 2683 1377 2763 epitome
1398 2688 1549 2764 utraque,
1573 2681 1742 2747 Fdieiana
1769 2682 1865 2747 etiam
1885 2684 1923 2746 in
1943 2703 1990 2767 ep.
2014 2682 2039 2747 I
2042 2683 2078 2748 V.

688 2786 724 2853 V.
755 2785 832 2854 VII.
854 2786 1092 2870 Ichplcpnnt
1119 2807 1253 2852 numan
1281 2785 1465 2851 collocantes
1486 2786 1548 2866 ita,
1578 2791 1616 2851 ut
1645 2785 1885 2867 comprehendat
1906 2787 2079 2868 epiecopcs;

681 2891 719 2955 in
745 2889 896 2955 Anterote
918 2889 1016 2974 (XX)
1045 2911 1238 2972 quamquam
1270 2891 1310 2955 ab
1340 2909 1375 2954 eo
1403 2889 1520 2955 absunt
1541 2889 1720 2973 presbyteri
1749 2894 1779 2955 et
1800 2889 1942 2969 dlaconi,
1963 2890 2079 2956 nibilo-

683 2994 792 3058 minus
813 2993 950 3058 recensio
972 2997 1108 3074 utraque
1129 2994 1178 3058 ait
1199 2993 1352 3059 creavisse
1374 3015 1445 3058 eum
1472 2993 1651 3074 episcopum
1672 3012 1776 3058 nume
1797 2991 1971 3059 Decembri.
2016 2993 2079 3059 Rc-

683 3098 786 3163 censio
801 3097 962 3179 posterior
987 3098 1023 3162 in
1037 3096 1187 3162 Silvestre
1209 3117 1274 3162 uno
1296 3097 1359 3163 loco
1382 3097 1460 3176 52,⁷
1483 3102 1609 3179 (contra
1632 3096 1669 3163 cl.
1685 3097 1753 3163 III
1770 3102 1801 3163 ct
1821 3096 1957 3162 &mum
1978 3097 2080 3164 locum

686 3205 737 3281 72,
752 3219 763 3257 1
786 3207 816 3267 et
837 3201 1047 3267 recensionem
1062 3201 1219 3284 priorem
1234 3201 1345 3266 solitae
1359 3201 1553 3266 indicaticni
1567 3222 1628 3288 per
1641 3223 1686 3268 m.
1703 3202 1784 3268 Dec.
1799 3203 1894 3267 cerba
1915 3203 2081 3267 cantaria

685 3305 818 3372 divorsis
841 3306 1041 3392 temporibus
1062 3327 1135 3370 cum
1155 3306 1228 3390 ipsa
1243 3305 1415 3387 coniunpit.
1461 3304 1633 3370 Praeterea
1654 3305 1690 3371 in
1711 3305 1773 3370 bac
1787 3305 1981 3371 indicatione
1994 3308 2080 3371 arcti

684 3431 781 3492 quma
794 3409 932 3491 formam
945 3410 1059 3475 retinet
1074 3409 1165 3486 (nam
1181 3429 1301 3474 errores
1322 3409 1359 3473 iu
1380 3430 1426 3490 ep.
1445 3407 1531 3473 XII.
1557 3409 1648 3476 XVI
1660 3409 1826 3491 pertinent
1840 3409 1885 3475 ad
1896 3409 1996 3475 solam
2010 3410 2080 3476 eius

683 3514 812 3580 classem
832 3514 1029 3589 secundam).
1077 3512 1211 3580 Omnino
1232 3513 1309 3578 baec
1330 3534 1452 3596 quoquc
1472 3514 1606 3579 innuere
1632 3514 1781 3579 videntur
1808 3513 1971 3598 arcbetppi
1999 3535 2079 3580 com

684 3619 792 3685 manu
817 3619 1001 3701 secutorem
1028 3617 1164 3699 factuam
1190 3639 1260 3683 eam
1284 3618 1455 3683 retinuisse
1481 3616 1560 3698 fere,
1589 3617 1645 3683 scd
1668 3639 1790 3700 parum
1818 3616 2008 3683 intellectam
2029 3618 2080 3683 bic

683 3721 750 3787 illic
771 3720 949 3805 neplevisse.

589 3826 690 3892 Verba
713 3847 772 3912 per
794 3846 940 3891 mensem
962 3825 1197 3908 Decembrem,
1227 3847 1310 3908 quae
1331 3825 1587 3891 ordinationibus
1613 3824 1765 3908 subiunpi
1792 3825 1901 3891 deberit
1921 3830 1952 3891 et
1971 3824 2080 3904 solent,

685 3931 760 3995 dem
781 3951 846 3995 non
866 3950 942 3995 raro
965 3931 1001 3994 in
1023 3929 1114 3995 libris
1134 3931 1262 4011 optimis
1283 3930 1458 4012 quibusque
1481 3927 1629 4012 bannim
1650 3927 1715 3995 loco
1736 3927 1857 4012 alterio,
1880 3929 1976 3994 utin
1997 3930 2079 3994 Ani-

685 4039 749 4098 ceto
777 4039 824 4115 15,
837 4059 861 4116 e,
884 4033 921 4098 in
942 4033 1122 4117 Zspbprino
1145 4036 1196 4116 20,
1214 4058 1248 4114 n,
1271 4034 1308 4098 in
1333 4032 1417 4098 Gaio
1440 4036 1542 4112 38,10.

581 4137 649 4203 Sub
677 4136 826 4204 Silvestre
851 4139 997 4203 narratio
1030 4138 1068 4203 de
1102 4137 1195 4203 titulo
1222 4137 1351 4220 Equitii
1379 4137 1504 4204 condito
1529 4137 1577 4203 bis
1604 4135 1719 4220 lopdur
1738 4157 1774 4218 p.
1789 4139 1841 4215 47,
1856 4139 1977 4218 10-48,
1994 4156 2018 4197 1⁷
2046 4143 2077 4204 et

680 4263 714 4323 p.
732 4245 782 4321 71,
800 4261 893 4302 m-rr
914 4242 1070 4307 recensita
1091 4241 1219 4306 divase.

426 4345 691 4411 Perturbationee
713 4345 873 4412 admissae
896 4352 970 4411 sunt
991 4347 1045 4411 vel
1068 4353 1155 4411 certe
1179 4346 1352 4411 inchoatae
1369 4346 1465 4432 eulpa
1484 4346 1584 4433 ipsius
1600 4347 1740 4411 auctoris
1755 4365 1816 4431 per
1829 4343 1950 4431 gradm
1963 4344 2081 4410 librum

426 4450 576 4536 augentis
595 4449 824 4515 additamentis
846 4451 974 4515 insertis
995 4449 1157 4515 interdum
1179 4451 1252 4515 loeo
1275 4471 1340 4515 non
1363 4471 1433 4516 suo.
1458 4485 1497 4497 -
1519 4448 1549 4514 Ε
1572 4451 1887 4532 connerinensem,
1912 4469 1993 4535 quos
2014 4470 2079 4515 non

427 4555 567 4620 auctoris
590 4575 664 4620 esse
687 4560 811 4620 certum
834 4555 883 4634 sit,
906 4555 940 4619 in
963 4555 1116 4640 exempla
1137 4561 1248 4618 nostra
1270 4555 1377 4620 amnia
1399 4554 1582 4642 propagati,
1606 4553 1719 4641 quales
1741 4553 1878 4619 tomam
1901 4559 1976 4619 eunt
1997 4554 2047 4619 hi:

588 4663 687 4742 164,c
722 4658 860 4723 aeclesia
894 4658 1254 4744 Constantinopolitana
1287 4659 1392 4745 prima
1430 4679 1466 4724 ee
1504 4658 1646 4725 omnium
1685 4658 1895 4723 ecclesiarum
1935 4656 2082 4746 [romana

686 4762 761 4828 add.
784 4762 841 4845 II,
874 4781 1027 4827 romanas
1061 4762 1220 4828 eeclesiae
1255 4762 1330 4828 odd.
1353 4762 1388 4842 I,
1422 4761 1456 4827 id
1491 4768 1541 4828 aet
1572 4762 1710 4829 ecelesia
1740 4782 1875 4829 romana
1903 4762 1980 4830 add.
2000 4761 2080 4848 III]

687 4865 861 4949 scribebat,
883 4866 939 4931 ubi
958 4865 1111 4948 plcssenca
1132 4886 1237 4932 omnes
1260 4864 1355 4932 libros
1376 4866 1541 4948 occupavit

588 4973 657 5050 196,
673 4995 698 5034 a
721 4974 831 5056 partes
858 4969 1115 5058 subscripserunt
1138 4970 1273 5036 CXXV:
1295 4991 1358 5052 pro
1381 4991 1512 5036 numero
1526 4970 1558 5035 V
1581 5001 1622 5027 =
1646 4969 1788 5058 quinque
1809 4969 1909 5035 trium
1930 4967 2083 5035 &esium

687 5072 762 5138 libri
783 5073 894 5157 optimi
915 5073 1028 5140 babertt
1050 5097 1115 5141 cxx
1138 5094 1275 5161 cumque

429 5198 502 5243 raro
527 5176 701 5243 admodum
725 5177 1020 5264 deprehenduntur,
1042 5200 1149 5266 neque
1172 5179 1360 5265 frequentes
1382 5198 1454 5244 esee
1476 5184 1611 5266 possunt
1632 5179 1665 5243 in
1686 5177 1780 5260 libra,
1802 5197 1824 5242 a
1845 5175 1934 5241 cuius
1956 5176 2081 5262 stigma

428 5281 556 5347 codices
579 5282 679 5346 nostri
701 5282 853 5347 meliores
875 5304 939 5347 non
963 5282 1083 5348 distant
1104 5283 1166 5348 nisi
1186 5283 1356 5348 intervallo
1378 5281 1421 5347 ad
1443 5303 1602 5348 summum
1625 5287 1754 5348 aenaim
1775 5300 1941 5346 annorum.

1056 5470 1279 5538 Rscsnslo
1302 5470 1451 5537 PRIOR.

535 5608 684 5673 vitarum
707 5608 893 5694 pontificum
916 5607 1135 5675 Romanorum
1164 5629 1302 5697 corpora
1324 5607 1403 5691 duo,
1427 5609 1565 5675 altemm
1586 5610 1779 5695 perveniens
1800 5607 1844 5676 ad
1864 5607 2010 5677 Felicem
2030 5609 2081 5677 lv

430 5712 466 5799 (†
490 5712 578 5798 530),
602 5712 644 5777 ad
667 5712 832 5778 Cononem
856 5715 892 5801 (†
915 5712 994 5800 687)
1016 5715 1170 5795 alterum,
1193 5735 1258 5778 non
1281 5731 1353 5779 esee
1375 5713 1437 5778 nisi
1460 5713 1619 5798 epitomas
1641 5711 1722 5779 duas
1743 5712 1890 5781 divom
1910 5714 2084 5803 acsaph·
