4658 6576
337 427 389 481 xx
891 395 900 415 '
1020 427 1301 483 rsonncouuux.

442 601 499 666 VI.
533 602 682 685 Gregorii
704 603 720 666 l
748 603 887 689 epistula
913 602 955 666 ad
981 601 1155 686 Eulogium
1182 600 1397 687 patriarcham
1424 600 1682 667 Alexandrinum
1709 602 1755 689 (7,
1772 607 1813 668 37
1830 601 1906 692 [40])
1930 605 1989 670 ad-

337 704 440 768 hibita
462 705 589 769 videtur
610 707 644 768 in
666 707 731 769 vita
753 706 843 770 Petri
867 707 912 792 (p.
928 709 958 786 2,
971 704 1007 790 s).
1053 704 1182 770 Scilicet
1205 706 1426 790 episcopatum
1442 705 1531 797 Petri
1548 705 1798 788 Antiochenum,
1823 728 1989 774 commen-

339 816 405 872 tum
426 818 593 873 auctorum
609 807 762 894 Syrorum
785 816 999 873 memoratum
1022 810 1160 894 primum
1182 807 1269 894 apud
1284 808 1461 872 iohannem
1478 808 1743 894 chrysostomum
1761 818 1794 877 et
1809 811 1986 878 Iohannem

337 912 490 976 Malalam
507 913 739 995 Antiochenos,
762 915 883 999 primus
899 935 941 977 ex
957 913 1140 977 auctoribus
1155 911 1252 976 hodie
1269 913 1352 975 notis
1373 912 1415 976 ad
1431 920 1536 977 certos
1558 934 1659 978 annos
1678 914 1797 1001 redigit
1813 916 1990 1002 Gregorius

337 1017 370 1079 in
391 1017 530 1103 epistula
552 1017 618 1096 illa,
643 1017 786 1098 edoctus,
811 1024 846 1081 ut
868 1016 1004 1097 videtur,
1029 1037 1048 1080 a
1071 1015 1254 1101 patriarcha
1275 1015 1424 1102 Eulogio.
1469 1015 1617 1102 Epistula
1640 1039 1836 1105 quamquam
1859 1023 1988 1108 publice

337 1120 456 1205 prodiit
479 1120 608 1184 demum
632 1120 767 1185 sedente
783 1119 986 1184 Hadrianoi
1008 1120 1205 1184 Pontificalis
1228 1119 1301 1183 libri
1323 1121 1446 1184 auctori
1469 1120 1672 1186 innotescere
1695 1125 1801 1209 potuit
1828 1146 1871 1189 ex
1894 1127 1988 1190 tabu-

337 1224 417 1288 lario
442 1226 601 1289 ecclesiae
624 1225 804 1289 Romanae.

440 1328 515 1393 VII.
550 1328 728 1413 Martyrum
751 1330 917 1415 passiones
940 1328 981 1392 ad
1005 1328 1086 1391 haec
1114 1333 1207 1412 gesta
1233 1348 1385 1411 magnam
1412 1348 1520 1391 rerum
1548 1330 1675 1414 copiam
1699 1332 1750 1395 rel
1780 1341 1868 1397 certe
1894 1335 1988 1399 fabu-

337 1433 441 1496 larum
465 1432 689 1517 suppeditasse
712 1434 781 1497 iure
805 1439 970 1518 expectes,
994 1453 1065 1495 cnm
1081 1431 1272 1516 praesertim
1292 1436 1404 1493 auctor
1420 1432 1557 1515 vestigia
1579 1453 1718 1518 sequens
1735 1433 1908 1501 Constituti
1925 1437 1989 1503 Sil-

337 1536 490 1599 vestriani
505 1536 625 1600 scribat
640 1536 681 1600 ab
700 1537 852 1621 episcopo
874 1534 1042 1598 Clemente
1065 1554 1125 1619 per
1146 1541 1271 1618 septem
1294 1534 1446 1619 regiones
1468 1534 1611 1618 singulos
1634 1539 1776 1602 notarios
1799 1542 1990 1607 constitutos

338 1659 410 1703 esse
433 1639 476 1703 ad
498 1648 591 1724 gesta
614 1647 790 1725 martyrum
816 1659 876 1724 per
904 1659 996 1703 suam
1019 1638 1173 1723 cuiusque
1195 1639 1363 1722 regionem
1386 1638 1522 1702 sollicite
1546 1640 1729 1725 colligenda
1751 1643 1988 1732 laudenturque

338 1744 482 1829 episcopi
497 1745 638 1809 Anteros
654 1744 701 1830 (p.
715 1743 806 1829 Afas)
830 1750 862 1807 et
878 1740 1041 1806 Fabianus
1064 1741 1109 1827 (p.
1122 1740 1212 1826 27,ε)
1236 1748 1370 1827 propter
1389 1740 1590 1828 diligentiam
1613 1746 1645 1809 in
1669 1765 1708 1809 ea
1730 1767 1766 1810 re
1789 1751 1988 1833 praestitam.

337 1845 484 1928 Accedit,
513 1847 600 1933 quod
623 1849 847 1934 episcoporum
871 1845 959 1910 urbis
981 1845 1135 1930 martyria
1162 1845 1233 1928 ipsa
1254 1845 1414 1930 praefatio
1437 1853 1598 1910 memorat
1621 1854 1654 1912 et
1677 1869 1720 1913 ex
1743 1851 1903 1937 episcopis
1925 1875 1989 1918 uno

338 1956 371 2013 et
394 1951 524 2033 triginta
547 1952 656 2036 primis
678 1950 720 2014 ad
740 1951 927 2035 martyrium
943 1948 1130 2034 pervenisse
1151 1946 1299 2011 dicuntur
1314 1955 1379 2011 tres
1399 1955 1432 2012 et
1449 1948 1561 2033 viginti
1585 1950 1718 2036 (I—IV.
1734 1951 1887 2020 VI-IX.
1911 1957 1989 2022 XII.

336 2051 410 2116 XV.
435 2052 543 2118 XVII.
566 2053 801 2118 XIX-XXV.
825 2049 1148 2134 XXVII—XXXI),
1179 2071 1221 2114 ex
1250 2051 1364 2136 quibus
1387 2053 1500 2137 viginti
1527 2074 1601 2117 eum
1624 2055 1779 2120 honorem
1802 2059 1867 2123 iam
1890 2060 1989 2126 editio

336 2157 425 2241 prior
453 2158 578 2240 tribuit,
610 2157 673 2222 duo
701 2158 858 2222 Anicetus
886 2156 983 2243 (XII)
1012 2161 1046 2219 et
1072 2153 1292 2239 Eutychianus
1320 2153 1499 2241 (XXVIII)
1528 2158 1560 2221 in
1589 2158 1731 2224 editione
1762 2163 1903 2228 secunda
1934 2185 1988 2229 ac-

337 2269 516 2343 cessemnt,
549 2263 679 2327 tertium
702 2262 819 2327 Gaium
849 2259 994 2347 (xxix)
1023 2260 1112 2345 prior
1139 2257 1236 2322 editio
1265 2258 1482 2324 confessorem
1511 2260 1602 2343 facit,
1633 2264 1776 2328 secunda
1804 2274 1989 2354 martyrem.

337 2362 403 2429 Sed
426 2366 529 2429 iustae
553 2366 772 2451 expectationi
794 2366 994 2429 narrationes
1017 2384 1131 2449 pamm
1159 2361 1366 2446 respondent.
1411 2363 1525 2448 Longe
1555 2367 1728 2452 plerosque
1758 2389 1800 2432 ex
1829 2371 1990 2457 episcopis

336 2470 529 2555 martyribus
562 2476 675 2533 auctor
697 2468 797 2532 verbo
828 2466 1050 2532 tantummodo
1081 2467 1126 2530 ait
1147 2467 1300 2551 martyrio
1324 2473 1494 2532 coronatos
1518 2487 1605 2550 esse,
1628 2490 1689 2534 nec
1711 2473 1847 2538 multum
1870 2474 1990 2556 differt,

336 2572 424 2657 quod
446 2575 478 2637 in
495 2572 683 2637 Alexandro
707 2571 802 2656 (VII)
827 2571 990 2656 quaedam
1012 2569 1103 2636 addit
1126 2590 1168 2633 ex
1190 2570 1421 2655 martyrologio
1444 2569 1699 2659 Hieronymiano
1723 2595 1831 2641 errore
1855 2577 1901 2642 ad
1921 2579 1989 2664 epi-

335 2697 470 2761 scopum
486 2677 589 2741 relata
606 2684 638 2741 et
654 2678 686 2740 in
701 2676 802 2741 Lucio
819 2675 963 2760 (XXIII)
982 2682 1015 2739 et
1030 2673 1195 2759 Stephano
1213 2674 1357 2759 (XXIV)
1375 2674 1416 2739 de
1432 2678 1634 2741 successione
1651 2687 1770 2744 monet.
1795 2717 1837 2727 —
1859 2681 1988 2746 Passio-

335 2800 394 2842 nes
417 2800 501 2865 quae
525 2779 587 2844 dici
610 2782 734 2865 possint
756 2801 820 2844 non
843 2779 992 2844 adhibuit
1013 2779 1073 2843 nisi
1099 2778 1260 2842 Caeciliae
1287 2778 1320 2841 in
1343 2777 1475 2843 Urbano
1499 2780 1652 2864 (XVIII),
1684 2780 1826 2849 Cornelii
1849 2784 1989 2872 (XXII),

336 2882 432 2967 Xysti
454 2883 488 2947 Π
519 2904 591 2947 curn
618 2884 795 2949 Laurentio
825 2884 961 2950 diacono
985 2883 1124 2969 (XXV),
1156 2880 1303 2946 Silvestri
1325 2881 1536 2970 (XXXIIII),
1566 2884 1685 2950 Felicis
1707 2885 1742 2949 11
1765 2887 1990 2973 (XXXVIII),

335 2987 414 3049 item
447 2987 480 3050 in
514 2986 656 3052 editione
691 2987 821 3052 demum
855 2986 997 3051 secunda
1031 2984 1197 3050 Susannae
1231 2985 1265 3047 in
1298 2983 1381 3048 Gaio
1415 2985 1560 3071 (XXIX)
1597 2995 1631 3052 et
1659 2988 1806 3056 Marcelli
1833 2991 1990 3076 (XXXI).

335 3089 473 3154 Accedit
494 3091 528 3154 in
556 3092 622 3154 vita
652 3090 786 3155 Eusebii
808 3090 970 3176 (XXXII)
994 3089 1134 3153 narratio
1165 3088 1276 3151 similis
1305 3087 1345 3152 de
1368 3089 1499 3153 inventa
1530 3100 1641 3156 sancta
1670 3115 1764 3158 cruce
1788 3101 1822 3159 et
1845 3095 1886 3160 de
1908 3096 1992 3161 Iuda

336 3191 482 3278 Cyriaco.
528 3194 716 3258 Marcellino
741 3193 884 3279 (XXX),
915 3192 1047 3257 Liberio
1078 3190 1283 3278 (XXXVII),
1317 3191 1423 3277 Xysto
1446 3193 1497 3257 III
1524 3193 1663 3280 (XLVI)
1695 3198 1728 3261 in
1760 3198 1822 3263 hoc
1855 3220 1992 3264 recensu

335 3297 442 3360 locum
472 3318 536 3361 non
568 3296 730 3379 dedimus,
766 3298 918 3383 quoniam
953 3302 1080 3381 partem
1116 3294 1238 3359 faciunt
1272 3293 1432 3358 fraudium
1464 3294 1792 3381 Symmachiansmm.
1842 3301 1992 3391 Excepta

334 3401 518 3465 narratione
549 3400 589 3465 de
618 3407 730 3466 sancta
758 3421 868 3479 cruce,
897 3401 985 3465 cuius
1012 3399 1115 3464 forma
1138 3399 1271 3484 pristina
1294 3396 1336 3463 ad
1364 3419 1423 3463 uos
1451 3402 1616 3485 pervenit,
1645 3404 1789 3489 reliquae
1818 3407 1908 3492 ipsae
1936 3414 1993 3471 aut

335 3509 424 3568 totae
448 3505 622 3590 perierunt,
645 3511 682 3568 ut
696 3503 792 3590 Xysti
806 3504 850 3585 Π,
873 3503 991 3568 Felicis
1007 3503 1051 3584 Π,
1074 3501 1230 3584 Marcelli,
1254 3522 1447 3588 suppressae
1464 3502 1600 3569 fortasse
1623 3504 1803 3572 substitutis
1827 3511 1991 3596 excerptis

335 3607 515 3694 desumptis
546 3629 589 3673 ex
619 3611 691 3695 ipso
724 3608 807 3673 libro
837 3607 1020 3672 Pontificeli
1051 3606 1252 3672 auctoritatis
1285 3605 1409 3670 scilicet
1438 3607 1583 3689 maioris,
1619 3616 1675 3673 aut
1707 3617 1820 3675 extant
1849 3612 1991 3697 quidem,

335 3711 393 3776 sed
415 3712 519 3776 forma
548 3719 604 3777 aut
632 3720 721 3778 certo
751 3711 894 3776 indidem
924 3711 1119 3797 interpolata
1146 3715 1203 3774 aut
1235 3716 1323 3774 certe
1357 3709 1398 3773 ab
1424 3711 1682 3796 interpolationis
1711 3715 1893 3800 suspicione
1926 3738 1991 3781 non

335 3817 456 3899 aliena,
485 3815 519 3882 id
549 3817 635 3903 quod
663 3816 749 3883 cadit
776 3817 809 3880 in
839 3823 913 3881 acta
936 3814 1112 3897 Caeciliae,
1141 3811 1297 3895 Cornelii,
1327 3812 1509 3898 Susannae,
1542 3814 1688 3881 Silvestri
1699 3816 1723 3901 ¹)
1731 3840 1739 3892 ;
1769 3838 1877 3904 neque
1906 3822 1992 3885 enim

335 3919 422 4005 quod
456 3921 555 3985 sciam
589 3923 775 4007 passionum
807 3921 934 3985 illarum
968 3919 1042 3984 libri
1074 3919 1184 4004 scripti
1219 3923 1332 3983 extant
1367 3916 1409 3983 ad
1443 3918 1638 3984 Pontificalis
1676 3926 1818 3985 aemtem
1853 3922 1990 3989 adscen-

335 4022 450 4088 dentes
483 4045 590 4110 neque
624 4026 671 4090 ita
704 4031 913 4111 comparatae
948 4029 1021 4088 sunt
1055 4023 1178 4087 formae
1216 4022 1383 4108 vulgatae,
1418 4027 1454 4086 ut
1487 4024 1577 4109 ipsae
1611 4043 1684 4088 sese
1718 4025 1797 4089 satis
1830 4033 1990 4093 tueantur.

334 4126 488 4215 Exempli
517 4149 615 4193 causa
637 4129 795 4215 passionis
817 4134 949 4193 sanctae
973 4127 1134 4192 Caeciliae
1163 4127 1323 4208 recensio,
1352 4147 1449 4212 quam
1472 4127 1492 4191 l.
1510 4148 1536 4192 c.
1561 4125 1608 4213 (p.
1626 4129 1678 4209 22)
1703 4128 1854 4213 adlegavi
1876 4138 1990 4217 utpote

334 4229 440 4295 iudice
464 4231 580 4297 Rossio
613 4233 754 4296 omnium
778 4233 943 4318 optimam,
975 4236 1009 4294 et
1031 4231 1095 4294 alia
1117 4249 1196 4316 prae
1219 4251 1255 4294 se
1278 4230 1341 4296 fert
1363 4229 1481 4294 indicia
1504 4230 1635 4315 originis
1661 4233 1849 4296 recentioris
1882 4242 1916 4299 et
1948 4234 1991 4299 ad

336 4354 409 4399 eam
431 4335 635 4400 formandam
658 4335 795 4401 adhibiti
818 4341 890 4400 sunt
912 4334 1131 4399 Tertullianus
1154 4339 1188 4398 et
1209 4334 1420 4418 Augustinus.
1464 4334 1541 4420 Ipsa
1562 4334 1714 4413 narratio,
1744 4335 1785 4399 de
1809 4358 1872 4421 qua
1895 4337 1990 4403 docte

335 4440 486 4524 exposuit
507 4438 612 4504 Erbes
636 4437 839 4524 (Zcitsclrrift
862 4437 924 4522 scir
946 4437 1260 4520 Kircheapcscbicbtc
1281 4439 1381 4502 volti
1404 4458 1434 4502 a.
1455 4440 1534 4503 1888
1558 4459 1590 4524 p.
1611 4440 1727 4513 1-66;
1759 4439 1799 4506 cf.
1820 4439 1991 4506 Neumann

335 4541 431 4606 Staat
461 4543 531 4607 uad
551 4543 674 4607 Kircbc
701 4549 726 4625 l,
744 4540 838 4629 310),
867 4563 933 4607 non
960 4541 1088 4607 videtur
1116 4542 1247 4627 originis
1276 4562 1348 4606 esse
1375 4541 1470 4606 valde
1497 4548 1658 4615 remotae;
1690 4543 1831 4607 ecclesia
1859 4552 1989 4610 sanctae

336 4643 498 4711 Caeciliae
524 4648 708 4711 nominatur
735 4646 873 4732 primum
900 4667 930 4711 a.
947 4649 1009 4711 499
1043 4650 1084 4725 (v.
1108 4645 1249 4711 indicem
1275 4645 1318 4710 ad
1346 4644 1574 4710 Cassiodorum
1597 4666 1629 4731 p.
1646 4646 1724 4731 408)
1749 4652 1783 4711 et
1804 4649 1988 4733 passionem

335 4749 404 4813 eius
436 4749 540 4815 Erbes
570 4750 693 4816 iudicat
727 4751 946 4837 exemplatam
980 4750 1023 4815 ad
1053 4750 1192 4821 similem
1218 4749 1406 4814 Africanam
1434 4750 1494 4815 sub
1525 4749 1707 4815 nominibus
1735 4749 1922 4816 Martiniani
1956 4758 1990 4816 et

333 4852 499 4917 Maximae
522 4856 660 4919 relatam
685 4853 773 4940 apud
791 4854 959 4919 Victorem
980 4853 1149 4919 Vitensem
1172 4854 1206 4917 in
1228 4855 1466 4918 commentariis
1490 4853 1531 4918 de
1554 4853 1780 4940 persecutione
1796 4853 1991 4921 Wendalica

334 4956 379 5041 (l,
401 4960 449 5039 10,
466 4958 522 5042 30)
546 4958 671 5040 scriptis
695 4978 723 5021 a.
742 4960 815 5022 486.
853 4957 1052 5023 Pontificalis
1074 4964 1184 5023 autem
1204 4958 1341 5044 scriptor
1356 4976 1440 5043 quae
1455 4957 1531 5022 inde
1554 4957 1649 5022 affert
1671 4957 1876 5024 continentur
1896 4959 1990 5025 nudis

334 5061 516 5125 nominibus
540 5061 703 5126 Caeciliae
728 5067 761 5125 et
777 5061 945 5127 Valeriani
972 5062 1081 5148 sponsi
1112 5063 1181 5126 eius
1205 5068 1238 5125 et
1260 5060 1399 5125 Tiburtii
1421 5060 1578 5125 adiunctis
1601 5061 1708 5146 aliquo
1731 5062 1829 5127 modo
1853 5063 1896 5128 ad
1919 5065 1989 5150 epi·

440 5267 460 5336 ¹)
481 5271 610 5323 Fabulosa
629 5272 684 5322 vita
702 5272 827 5338 Silvestrl,
846 5273 914 5323 unde
932 5272 1103 5338 proficiscitur
1122 5273 1284 5324 Constantini
1301 5273 1377 5338 primi
1394 5271 1523 5339 baptisma
1540 5271 1686 5322 Romanum
1703 5287 1749 5338 per
1766 5272 1914 5338 episcopum
1930 5287 1990 5323 eum

334 5362 438 5422 totaque
455 5357 603 5423 mythcrnm
627 5375 740 5426 propago
759 5359 819 5410 inde
837 5359 952 5419 oriunda,
976 5359 1086 5410 conficta
1104 5368 1143 5410 est
1160 5359 1187 5409 in
1205 5359 1280 5425 Syria
1301 5375 1368 5410 sasc
1383 5359 1405 5408 V
1426 5359 1550 5423 novitque
1567 5373 1625 5409 eam
1643 5357 1696 5408 iam
1714 5357 1801 5408 Moses
1818 5358 1991 5410 Chorenensis

333 5438 506 5508 (459-481);
529 5443 618 5496 ecdem
641 5451 730 5495 autem
747 5445 852 5497 maculo
873 5446 900 5495 in
918 5444 1040 5496 Latinum
1059 5444 1185 5496 translata
1212 5454 1251 5496 est
1274 5451 1301 5496 et
1318 5445 1413 5512 passim
1430 5444 1543 5496 lectitata
1560 5450 1625 5495 toste
1643 5442 1728 5494 indice
1746 5443 1843 5494 Gelasii
1861 5446 1873 5494 Ι
1891 5441 1990 5510 (492-

332 5525 395 5592 496)
413 5529 536 5580 librorum
559 5530 764 5596 recipiendorum
789 5539 904 5583 autnon
925 5532 1136 5598 recipiendorum.
1172 5531 1285 5582 Eandem
1310 5531 1432 5598 adlegant
1453 5538 1527 5598 gesta
1544 5529 1640 5582 Liberii
1658 5526 1695 5594 (v.
1712 5546 1738 5596 p.
1752 5525 1785 5579 77
1804 5528 1875 5595 adn.)
1893 5531 1990 5598 scripta

332 5621 416 5665 aetate
434 5616 641 5681 Symmachiana.
683 5618 742 5668 Vita
765 5634 796 5669 ss
818 5633 885 5683 quae
909 5619 1089 5669 circumfertur
1111 5617 1203 5669 Latine
1225 5619 1321 5685 scripta
1347 5634 1507 5685 quamquam
1529 5623 1669 5669 redamatu
1691 5623 1731 5667 est
1753 5613 1790 5682 (v.
1809 5617 1842 5668 ad
1861 5634 1886 5684 p.
1897 5615 1955 5684 47),
1974 5634 1991 5670 a

332 5701 416 5752 torma
433 5718 463 5753 sa
480 5718 558 5768 quam
576 5704 735 5756 Pontificalis
753 5704 872 5755 adhibuit
889 5721 940 5755 non
959 5704 1070 5754 multum
1088 5704 1191 5755 videtur
1209 5704 1334 5756 recedere.
