4658 6576
491 457 556 511 XVI
1179 457 1466 514 Pachnaouarm.

490 630 631 695 Romani
655 639 688 696 et
709 633 929 696 narrationem
952 632 1023 696 libri
1053 633 1084 696 in
1108 633 1189 717 glor.
1212 639 1304 696 mart.
1331 654 1357 696 c.
1375 635 1416 697 39
1447 631 1488 696 de
1511 631 1655 696 Iohanne
1680 631 1694 694 1
1718 637 1879 716 sumptam
1908 651 1979 695 esse
2003 651 2046 696 ex
2068 631 2149 716 ipso.

490 734 536 798 At
559 733 733 800 similitudo
757 736 812 799 illa
833 756 898 800 non
921 737 1005 800 ultra
1028 737 1177 821 pervenit
1200 756 1294 822 quam
1317 736 1489 821 pervenire
1514 734 1626 799 debuit
1648 740 1782 820 propter
1797 735 1980 820 argumenti
2001 734 2148 799 similitu-

492 837 615 910 dinem;
644 859 765 903 cessare
787 839 1000 919 episcopatum
1028 845 1165 903 nonest
1192 839 1312 903 locutio
1335 839 1481 924 scriptori
1504 838 1550 902 illi
1572 839 1718 923 propria,
1754 837 1813 902 sed
1835 838 1983 923 legitima
2004 842 2038 902 et
2060 857 2149 902 com·

491 943 596 1008 munis
618 944 671 1024 (el.
689 942 863 1007 Suetonius
880 941 974 1008 Gaes.
992 944 1046 1008 76:
1071 942 1211 1008 consulis
1232 949 1329 1008 morte
1351 948 1523 1008 cessantem
1543 942 1703 1026 teneras)
1718 963 1780 1007 nec
1796 940 1923 1023 desunt,
1947 962 2031 1027 quae
2055 940 2149 1006 diffe-

491 1053 580 1129 rant,
608 1053 644 1110 ut
666 1048 771 1134 spatia
795 1047 1000 1133 episcopatus
1023 1048 1056 1111 in
1078 1045 1260 1113 Pontificali
1278 1048 1311 1111 in
1333 1048 1489 1134 principio
1512 1048 1649 1111 vitarum
1673 1047 1855 1125 enuntiata,
1879 1044 1967 1131 apud
1988 1044 2150 1110 Francum

491 1157 567 1215 ante
591 1152 799 1236 sepulturam.
836 1149 987 1215 Narratio
1011 1156 1120 1215 autem
1144 1151 1184 1215 de
1207 1151 1351 1215 Iohanne
1375 1151 1405 1232 1,
1436 1172 1532 1236 quam
1556 1171 1614 1214 suo
1637 1152 1709 1215 loco
1734 1153 1778 1234 (p.
1801 1145 1876 1228 133)
1892 1148 2038 1235 apposui,
2062 1150 2151 1213 venit

492 1255 621 1319 omnino
645 1254 688 1318 ad
716 1261 888 1340 utrumque
915 1255 1105 1340 scriptorem
1134 1274 1177 1318 ex
1207 1261 1339 1319 auctore
1369 1254 1501 1334 eodem,
1532 1253 1591 1318 sed
1619 1259 1732 1317 auctor
1759 1254 1828 1317 sine
1851 1250 1949 1317 dubio
1974 1258 2024 1317 est
2044 1253 2072 1317 is
2096 1254 2150 1339 qui

491 1359 617 1445 scripsit
645 1358 795 1423 chronica
823 1358 954 1439 ltahca,
989 1357 1076 1444 apud
1105 1379 1201 1443 quem
1230 1358 1330 1423 verba
1359 1378 1430 1423 cam
1461 1357 1531 1422 aaa
1557 1364 1624 1421 tam
1652 1355 1738 1442 apud
1768 1356 1962 1441 Gregorium
1991 1376 2087 1441 quam
2117 1356 2149 1420 in

492 1461 675 1526 Pontificali
698 1468 853 1548 usurpata
875 1462 997 1547 pariter
1012 1463 1226 1548 reperiuntur.
1264 1462 1415 1548 Denique
1432 1462 1608 1547 Gregorius
1632 1483 1704 1527 cum
1726 1467 1827 1546 neget
1848 1460 1930 1537 haec
1952 1481 1988 1525 se
2009 1481 2052 1524 ex
2066 1460 2149 1525 libro

492 1567 611 1652 scripto
644 1567 817 1651 sumpsisse
845 1565 954 1645 (mebi
980 1566 1107 1647 quidem
1134 1571 1211 1630 suat
1233 1572 1388 1650 martyres
1414 1565 1505 1649 apud
1525 1566 1633 1630 arbem
1656 1565 1806 1642 Romam,
1834 1585 1969 1647 quoram
1998 1563 2151 1630 historiae

487 1670 676 1750 pmacrsum
690 1669 782 1733 mobis
803 1669 943 1751 amarae
964 1689 1029 1732 moa
1050 1675 1127 1733 sant
1148 1670 1285 1734 delatae:
1308 1671 1346 1734 de
1360 1669 1505 1735 Iohanne
1527 1675 1632 1733 tamea
1647 1670 1797 1750 epmcopo,
1819 1669 1971 1750 armatam
1985 1688 2068 1750 aeon
2082 1668 2152 1732 mus

492 1774 537 1837 ad
557 1794 615 1837 mos
636 1794 736 1854 aeque
757 1794 822 1837 mon
843 1773 974 1837 accessit
995 1773 1148 1853 scriptus,
1170 1794 1251 1855 quae
1273 1795 1294 1837 a
1316 1772 1463 1854 fidelibus
1484 1774 1631 1853 comperi,
1655 1777 1757 1837 tacere
1777 1771 1929 1854 nequivi),
1957 1792 2073 1858 parum
2099 1772 2148 1836 in-

493 1878 626 1962 tellego,
649 1898 710 1940 nec
732 1877 835 1962 magis
858 1877 1088 1942 intellexemnt
1104 1876 1264 1941 Waitaius
1285 1877 1395 1959 (memes
1409 1875 1531 1941 Arabio
1549 1882 1597 1956 11,
1616 1875 1693 1961 229)
1717 1882 1751 1940 et
1774 1875 1952 1940 Kruschius
1976 1874 2034 1960 (ad
2055 1875 2087 1940 h.
2104 1876 2150 1956 1.),

494 1981 657 2067 quomodo
679 1981 742 2045 hoc
765 1983 837 2046 loco
862 1981 1067 2046 Duchcsnius
1088 1982 1135 2044 uti
1162 1981 1303 2066 potuerit
1327 1979 1369 2044 ad
1392 1979 1604 2045 evincendum
1633 1981 1837 2044 eontrarium.
1883 1976 2022 2043 Omnino
2045 1977 2151 2044 fidelis

401 2099 404 2102 ⁴
493 2084 530 2161 is,
554 2084 608 2170 qui
625 2083 784 2169 Gregorio
800 2085 882 2149 haec
899 2084 1050 2165 narrarit,
1067 2084 1217 2149 chronica
1232 2084 1297 2163 illa,
1320 2105 1455 2171 qnorum
1473 2090 1645 2170 praeterea
1662 2083 1750 2169 apud
1766 2083 1961 2168 Gregorium
1977 2083 2150 2169 vestigium

492 2208 557 2251 non
584 2190 758 2273 reperitur,
790 2189 877 2253 domi
907 2191 1050 2275 legerat,
1086 2196 1119 2253 et
1146 2210 1225 2274 prae
1253 2209 1288 2252 se
1318 2188 1382 2252 fert
1408 2189 1522 2253 relatio
1551 2187 1755 2273 Gregoriana
1784 2186 1942 2251 eiusmodi
1970 2185 2151 2252 traditionis

493 2291 611 2355 indicia
634 2299 736 2356 certa:
760 2294 1020 2378 persecutionem
1040 2291 1235 2356 atrianorum
1258 2293 1290 2356 in
1313 2292 1495 2356 Pontificali
1518 2292 1671 2356 tributam
1694 2290 1818 2355 Iustino
1841 2292 2040 2377 imperatori,
2063 2289 2151 2376 apud

494 2394 687 2479 Gregorium
716 2417 822 2481 papae
851 2396 1001 2478 Iohanni,
1031 2394 1229 2481 gladiatores
1252 2396 1366 2460 missos
1389 2416 1409 2459 a
1431 2394 1634 2459 Theoderico
1666 2394 1708 2459 ad
1737 2395 1912 2459 cathohcos
1941 2414 2001 2480 per
2022 2393 2151 2459 ltaliam

495 2499 766 2580 exterminandos,
790 2501 854 2564 alia
877 2500 1003 2564 simiha.

598 2608 775 2695 Gregorius
796 2610 814 2674 I
837 2611 1008 2696 episcopus
1029 2611 1100 2697 ipse
1116 2608 1283 2674 Romanus
1301 2608 1334 2689 (†
1351 2610 1428 2694 664)
1445 2630 1561 2695 corpus
1575 2611 1723 2692 vitamm,
1750 2612 1776 2676 si
1800 2631 1839 2676 eo
1862 2618 2011 2696 tempore
2034 2610 2151 2691 extitit,

493 2711 620 2775 noverit
645 2733 780 2777 necesse
811 2720 869 2778 est.
914 2713 1070 2778 Attamen
1097 2734 1162 2777 non
1191 2714 1294 2777 solum
1324 2713 1412 2778 nullo
1441 2715 1514 2778 loco
1545 2712 1586 2778 ad
1608 2713 1643 2779 id
1665 2715 1814 2801 respicit,
1837 2714 1897 2780 sed
1919 2735 1999 2796 uno,
2023 2714 2064 2780 de
2088 2736 2151 2801 quo

493 2815 576 2879 inira
600 2818 644 2901 (p.
661 2816 770 2896 XXV)
794 2818 952 2899 dicemus,
983 2818 1218 2882 ordinationum
1248 2818 1479 2904 episcopalium
1509 2818 1556 2881 ita
1587 2819 1749 2894 meminit,
1778 2824 1815 2884 ut
1844 2819 1870 2883 si
1893 2824 1987 2904 gesta
2013 2817 2044 2882 ei
2074 2824 2153 2882 nota

494 2920 640 3000 fuissent,
661 2920 717 2984 six
739 2942 780 2985 ea
801 2923 1032 3009 praeteriisset.

597 3031 865 3118 Martyrologium
896 3033 1202 3121 Hieronymianum,
1236 3034 1325 3098 cuius
1358 3033 1462 3097 forma
1492 3033 1589 3098 hodie
1622 3042 1701 3098 nota
1732 3032 1817 3099 redit
1849 3032 1891 3097 ad
1922 3033 2091 3119 exemplar
2118 3033 2151 3097 in

495 3133 683 3220 Burgundia
714 3137 867 3222 scriptum
899 3159 928 3203 a.
950 3139 1042 3221 caula
1077 3137 1218 3224 (Krusch
1247 3158 1342 3201 aemes
1368 3137 1487 3201 Arabio
1516 3139 1573 3217 20,
1599 3141 1694 3218 439),
1730 3156 1814 3223 quae
1847 3136 1888 3201 de
1917 3135 2049 3201 Urbano
2081 3136 2150 3222 epi-

496 3258 594 3324 scopo
617 3238 728 3320 habet,
751 3239 954 3305 Duchcsnius
977 3241 1130 3306 iudicarit
1151 3241 1309 3326 proficisci
1333 3260 1375 3304 ex
1395 3240 1500 3304 indice
1524 3241 1762 3325 sepulturarum
1786 3241 2012 3327 episcoporum
2028 3238 2150 3304 Roma·

495 3363 609 3407 norum
639 3343 866 3429 probabiliter;
895 3345 953 3410 sed
983 3367 1056 3410 enm
1084 3345 1222 3410 indicem
1251 3345 1333 3409 inho
1361 3344 1542 3409 videbimus
1570 3366 1635 3409 non
1664 3343 1872 3431 compilatum
1902 3364 1974 3407 esse
2003 3364 2045 3408 ex
2068 3343 2150 3408 libro

494 3446 687 3528 Pontifieah,
711 3470 795 3534 qnae
817 3449 993 3515 Duchesnii
1016 3450 1124 3536 opinio
1148 3455 1212 3532 est,
1237 3448 1296 3513 sed
1319 3470 1337 3512 e
1361 3449 1520 3513 contrario
1544 3447 1724 3513 adhibitum
1749 3447 1791 3512 ad
1814 3447 2039 3513 Pontificalem
2062 3468 2150 3513 com·

495 3548 671 3636 pilandum.

598 3663 739 3728 Isidorus
762 3664 965 3752 Hispalensis
989 3663 1023 3749 (†
1039 3663 1116 3750 636)
1138 3685 1202 3729 non
1224 3664 1329 3750 magis
1352 3664 1495 3750 corporis
1519 3663 1612 3728 huius
1634 3661 1781 3728 meminit
1807 3682 1916 3748 neque
1944 3663 2045 3728 habet
2068 3685 2151 3750 quae

496 3774 584 3832 recte
608 3767 706 3832 adid
728 3768 917 3834 reserantur.

600 3880 759 3946 Chronica
780 3881 951 3961 Francica,
980 3902 1063 3968 quae
1090 3880 1237 3967 adlegari
1267 3883 1373 3946 solent
1397 3881 1456 3944 sub
1480 3881 1609 3945 nomine
1632 3877 1826 3962 Fredegari,
1850 3879 1969 3964 scripta
1992 3899 2019 3941 c.
2043 3899 2072 3943 a.
2089 3881 2152 3943 642

494 3987 684 4051 laterculum
711 3993 904 4071 receperunt
933 3987 1157 4072 episcoporum
1186 3984 1407 4049 Romanorum
1438 4005 1510 4049 eum
1538 3983 1650 4069 spatiis
1681 3983 1746 4047 suis
1770 3981 1839 4067 (1.3
1864 4003 1891 4046 e.
1908 3980 1964 4066 24)
1987 3981 2152 4048 finientem

494 4090 528 4153 in
551 4088 723 4153 Theodoro
748 4089 947 4172 (642-649)
971 4090 1075 4175 spatio
1098 4090 1131 4153 in
1152 4088 1215 4154 hoe
1237 4110 1301 4152 non
1325 4089 1476 4174 expleto:
1500 4107 1618 4172 eorpus
1642 4092 1786 4150 nostrum
1807 4085 1966 4170 ignorent.

600 4207 693 4275 Be'da
718 4209 817 4294 igitur
837 4209 974 4295 Anglus,
996 4215 1032 4274 ut
1054 4230 1151 4295 supra
1174 4209 1220 4295 (p.
1236 4209 1300 4291 ΧΙ)
1323 4209 1388 4272 iam
1413 4207 1568 4287 diximus,
1592 4207 1676 4271 inter
1702 4212 1849 4271 auctores
1870 4205 1954 4270 libro
1976 4205 2153 4292 pontificali

496 4334 571 4378 usos
594 4313 832 4399 antiquissimus
855 4318 905 4377 est
928 4314 1090 4398 excerptis
1113 4313 1252 4398 copiosis
1273 4311 1349 4377 inde
1371 4312 1500 4376 insertis
1531 4311 1562 4374 in
1595 4311 1711 4374 librum
1739 4309 1780 4374 de
1809 4309 2009 4395 temporibus
2031 4308 2153 4395 publici

497 4418 574 4482 iuris
596 4417 717 4481 iactum
739 4436 768 4480 a.
788 4420 849 4479 725
874 4415 1048 4499 (Chronica
1072 4417 1195 4480 minora
1218 4418 1314 4481 vol3
1338 4438 1369 4502 p.
1387 4418 1474 4498 227).

601 4538 653 4602 De
676 4536 860 4602 auctoribus
884 4536 1115 4602 aPonh'ficahs
1138 4538 1294 4623 scriptore
1317 4536 1470 4601 adhibitis
1495 4537 1620 4602 dicetur
1635 4537 1742 4621 capite
1765 4532 1923 4610 secundo;
1945 4533 1988 4599 ad
2010 4542 2153 4600 aetatem

496 4644 597 4729 ipsius
621 4640 900 4706 determinandam
926 4640 989 4706 duo
1013 4643 1073 4707 soli
1095 4642 1225 4721 faciunt,
1249 4640 1399 4706 falsarius
1422 4639 1689 4726 Symmachianus
1712 4645 1746 4702 et
1768 4636 1945 4724 Gregorius
1968 4638 2099 4725 primns.

601 4762 764 4827 Falsarius
793 4760 1058 4847 Symmachianus
1090 4762 1183 4827 nobis
1210 4768 1305 4827 notus
1337 4784 1395 4848 per
1421 4782 1558 4849 corpora
1589 4780 1763 4840 canonum,
1799 4767 1835 4823 ut
1868 4759 1950 4825 infra
1986 4758 2033 4846 (p.
2055 4759 2153 4846 XXI)

499 4867 693 4946 videbimus,
723 4867 902 4952 composita
924 4873 1034 4932 aetate
1057 4866 1314 4932 Theodericiana
1336 4870 1439 4945 (certe
1465 4864 1726 4951 antiquissimum
1751 4883 1862 4927 eorum
1886 4864 2033 4949 exceptis
2057 4863 2151 4950 Sym-

499 4971 674 5036 machianis
697 4970 746 5033 his
767 4991 831 5033 non
855 4970 955 5035 habet
975 4971 1236 5035 constitutionem
1258 4990 1287 5032 a.
1305 4974 1366 5035 494
1390 4965 1620 5054 posteriorem)
1645 4987 1718 5031 cum
1741 4974 1875 5053 propter
1897 4973 2153 5033 commentorum

499 5096 628 5140 suorum
661 5080 854 5160 argumenta
887 5082 962 5138 ante
998 5073 1183 5159 Symmachi
1219 5074 1440 5159 episcopatum
1479 5073 1685 5152 (498-514)
1724 5069 1865 5135 scribere
1901 5092 1964 5135 non
2002 5072 2153 5158 potuerit,

499 5179 663 5266 scripsisse
685 5177 812 5242 ridetur
835 5178 925 5241 annis
948 5178 1017 5242 eius
1039 5177 1160 5263 primis,
1184 5183 1423 5262 potueruntque
1447 5176 1492 5240 ita
1515 5180 1700 5239 commenta
1724 5174 1793 5237 eius
1816 5176 1952 5239 transire
1968 5176 2000 5239 in
2016 5175 2154 5241 vitarum

500 5302 636 5368 corpora
660 5282 789 5346 condita
817 5282 947 5346 saeculo
971 5289 1063 5345 sexto
1087 5281 1269 5367 incipiente.
1315 5280 1382 5346 Sed
1410 5302 1482 5346 cum
1516 5279 1687 5366 probabile
1720 5279 1761 5343 sit
1791 5284 1865 5364 post
1894 5278 2025 5365 aliquod
2054 5279 2154 5344 inter·

501 5387 618 5451 vallum
648 5385 777 5450 demam
808 5405 918 5449 eorum
947 5386 1172 5450 auctoritatem
1202 5387 1248 5449 ita
1278 5387 1432 5466 crevisse,
1466 5392 1503 5448 ut
1535 5385 1568 5448 in
1603 5381 1762 5447 eiusmodi
1793 5381 1894 5447 libros
1922 5384 2154 5470 reciperentur,

502 5510 613 5554 eorum
637 5488 789 5553 admissio
812 5489 927 5553 melius
950 5490 1100 5554 convenit
1122 5490 1251 5553 saeculo
1276 5489 1382 5554 eidem
1406 5488 1538 5554 exeunti
1561 5489 1614 5553 vel
1637 5486 1802 5572 incipienti
1825 5488 1973 5572 septimo.

605 5609 755 5695 Gregorii
777 5610 887 5695 magni
909 5608 944 5693 (†
961 5611 1037 5687 604)
1061 5609 1200 5694 epistula
1222 5607 1382 5693 quaedam
1406 5607 1662 5695 suppeditavisse
1687 5606 1823 5680 videtur,
1852 5614 1888 5671 ut
1909 5609 1992 5672 inira
2014 5611 2058 5694 (p.
2074 5608 2155 5693 XX)

501 5720 693 5800 exponetur,
717 5734 802 5800 quae
824 5714 857 5779 in
879 5713 980 5799 gestis
1003 5712 1049 5799 (p.
1064 5717 1093 5796 2,
1107 5713 1140 5796 6)
1162 5713 1315 5798 leguntur
1337 5713 1378 5778 de
1400 5713 1491 5779 Petri
1513 5711 1705 5798 epiecopatn
1728 5709 1942 5777 Antiocheno.
