4658 6576
1019 448 1302 507 PROLEGOMENA.
1936 451 1988 506 XV

335 624 481 710 quadrat.
525 624 642 710 Longe
663 623 863 710 probabilius
885 629 1064 689 statuemus
1080 624 1271 710 scriptorem
1287 623 1451 706 bucusque
1467 624 1660 691 vocabulum
1674 627 1820 711 posuisse
1844 624 1885 690 de
1909 646 1992 690 anno

335 729 525 815 scriptionis,
541 726 716 794 secundum
733 726 1001 793 consuetudinem
1017 727 1221 793 librariorum
1238 729 1449 806 notissimam,
1466 733 1500 792 et
1513 727 1688 794 adventum
1699 729 1845 814 intellegi
1860 729 1990 813 Lango-

333 831 507 896 bardomm
530 833 562 897 iu
583 830 722 914 Italiam,
745 852 808 917 quo
831 851 890 918 pro
918 851 995 895 aera
1025 831 1124 896 etiam
1146 830 1300 896 Rotharis
1324 852 1384 897 rex
1405 833 1506 897 utitur
1527 833 1561 897 in
1585 833 1722 919 prologo
1747 833 1855 899 edicti.
1892 834 1919 897 is
1942 840 1992 898 est

333 955 361 1000 a.
384 957 416 1022 p.
440 934 515 1000 Chr.
533 938 610 1017 568,
637 955 738 1000 annus
765 935 864 1020 igitur
891 934 932 999 ab
962 954 1000 999 eo
1023 932 1201 999 CXXVIII
1229 934 1265 998 fit
1288 937 1371 1014 698,
1402 934 1547 1000 incidens
1576 935 1609 1000 in
1636 935 1775 1022 spatium
1798 936 1991 1003 successoris

334 1037 475 1103 Cononis
498 1039 605 1126 Sergii
627 1039 644 1103 I
668 1039 877 1124 (oss-70¹).

435 1142 544 1208 Etiam
578 1142 689 1209 classis
722 1144 838 1208 tertiae
872 1142 1131 1229 antiquissimum
1168 1142 1356 1227 exemplum
1389 1141 1488 1207 hodie
1521 1147 1649 1224 notum,
1683 1144 1805 1209 scilicet
1837 1144 1871 1209 id
1905 1144 1991 1231 quod

333 1247 501 1333 usurpavit
523 1248 719 1334 epitomator
741 1247 955 1330 Cenomanos,
978 1247 1113 1312 finiebat
1135 1247 1168 1311 in
1191 1246 1281 1311 obitu
1304 1245 1455 1314 Cononis.

435 1350 585 1437 Denique
614 1350 657 1417 ad
686 1352 825 1417 eundem
857 1353 1028 1416 terminum
1055 1350 1142 1416 ducit
1165 1349 1312 1416 codicum
1335 1350 1497 1416 secundae
1522 1351 1672 1417 editionis
1695 1351 1850 1418 condicio.
1887 1352 1989 1417 Vide-

334 1454 438 1519 bimus
460 1455 543 1520 infra
565 1462 632 1521 tam
655 1457 792 1543 primam
815 1457 952 1521 classem
982 1476 1079 1542 quam
1110 1452 1286 1519 secundam
1310 1455 1441 1519 fluxisse
1465 1476 1509 1519 ex
1531 1455 1710 1542 archetypo
1734 1456 1895 1521 communi
1918 1476 1990 1520 eas-

333 1555 473 1643 demque
496 1560 529 1623 in
544 1560 618 1624 crisi
639 1561 731 1646 leges
755 1561 903 1626 obtinere
926 1561 1071 1646 pariliter
1093 1579 1194 1645 usque
1211 1558 1254 1623 ad
1271 1557 1450 1625 Cononem.
1488 1558 1609 1624 Contra
1629 1560 1662 1624 in
1678 1561 1833 1626 extremis
1850 1560 1991 1646 quinque

332 1662 405 1727 vitis
420 1668 549 1728 nostrae
573 1663 722 1729 editionis
746 1664 892 1729 codicum
917 1664 1091 1730 affinitates
1113 1669 1277 1728 mutantur
1301 1669 1334 1727 et
1356 1669 1516 1750 apparent
1537 1663 1657 1729 indicia
1672 1663 1840 1751 archetypi
1863 1665 1991 1729 tractati

333 1765 471 1832 diverse.
507 1765 577 1832 llas
591 1768 690 1853 igitur
703 1768 746 1833 ad
762 1789 877 1854 corpus
894 1769 1033 1833 vitarum
1049 1765 1272 1832 Cononianum
1287 1773 1362 1853 post
1376 1768 1582 1833 intervallum
1598 1766 1745 1832 adiectae
1762 1772 1845 1848 sunt,
1868 1767 1990 1852 pariter

332 1877 430 1957 atque
453 1871 577 1958 inipso
602 1872 740 1937 Lucensi
763 1873 889 1959 corpori
911 1872 1034 1937 finienti
1061 1873 1094 1936 in
1118 1869 1330 1935 Constantino
1356 1872 1613 1937 commentarioli
1637 1871 1700 1935 duo
1723 1870 1883 1935 subiuncti
1906 1877 1989 1952 sunt,

332 1977 420 2061 prior
449 1976 712 2061 qnatemionibus
740 1998 886 2041 seorsum
915 1977 1090 2041 numeratis
1112 1974 1138 2039 I.
1161 1974 1204 2039 Π.
1229 1971 1300 2062 [ΙΠ]
1338 1974 1465 2039 habens
1494 1975 1577 2039 vitas
1605 1974 1830 2060 episcoporum
1857 1994 1878 2037 a
1907 1973 1990 2038 Gre-

333 2080 422 2164 gorio
445 2079 479 2144 Π
512 2078 712 2145 Constantini
746 2101 931 2146 successore
965 2080 1007 2145 ad
1040 2079 1241 2165 Stephanum
1265 2078 1299 2142 Π
1334 2077 1369 2162 (†
1393 2076 1485 2165 757),
1524 2079 1686 2165 posterior
1717 2098 1737 2142 a
1768 2076 1987 2164 praecedente

332 2190 500 2269 separatus
528 2183 604 2249 inde
633 2184 675 2249 ad
700 2183 937 2249 Hadrianuml
961 2183 995 2268 (i
1011 2183 1103 2270 795);
1139 2190 1287 2249 tenemus
1316 2181 1370 2246 hic
1400 2183 1544 2247 coctana
1575 2181 1638 2246 duo
1670 2180 1776 2246 adhuc
1807 2202 1826 2245 a
1855 2202 1990 2266 corpore

333 2288 513 2371 antiquiore
538 2287 696 2352 distincta.
742 2287 897 2353 Similiter
920 2287 1012 2352 Beda
1044 2287 1086 2351 ad
1109 2287 1260 2351 chronica
1287 2307 1346 2351 sua
1376 2287 1496 2373 scripta
1520 2307 1549 2351 a.
1568 2290 1630 2350 725
1657 2285 1804 2351 adhibuit
1825 2292 1990 2371 gestomm

333 2391 564 2476 pontificalium
594 2391 763 2477 exemplar
792 2392 985 2478 perveniens
1016 2390 1058 2455 ad
1085 2391 1191 2477 ipsum
1223 2398 1291 2455 tum
1325 2389 1494 2456 sedentem
1527 2390 1715 2476 episcopum
1741 2388 1934 2475 Gregorium
1957 2390 1990 2454 II

333 2493 549 2578 (715-731);
572 2494 686 2559 habuit
708 2494 860 2560 videlicet
884 2515 999 2580 corpus
1022 2500 1166 2558 nostrum
1195 2514 1268 2559 cum
1292 2493 1434 2557 auctario
1459 2493 1607 2579 episcopi
1629 2494 1733 2558 unius.
1775 2491 1871 2558 Haec
1893 2494 1990 2577 igitur

333 2586 555 2663 additamenta
577 2599 672 2663 crisin
695 2598 863 2684 requinmt
885 2618 1056 2683 acorpore
1080 2598 1260 2683 antiquiore
1284 2595 1447 2662 diversam
1464 2601 1498 2661 et
1513 2596 1579 2662 suis
1593 2596 1722 2681 legibus
1743 2603 1876 2678 rectem,
1900 2616 1989 2661 eam-

333 2721 396 2787 que
420 2700 462 2765 ob
486 2722 616 2767 cansam
640 2724 712 2768 cum
744 2704 853 2790 aliquo
876 2704 947 2768 loco
981 2702 1059 2766 mihi
1081 2700 1321 2767 subsistendum
1353 2706 1441 2765 esset
1467 2701 1700 2788 posterioribus
1727 2701 1857 2787 impari,
1887 2701 1989 2787 selegi

333 2824 417 2886 enm,
441 2805 473 2869 in
496 2826 559 2892 quo
582 2806 651 2871 linit
674 2806 756 2871 liber
777 2807 946 2892 primarius
968 2806 1134 2871 Lucensis.

436 2908 529 2974 Haec
545 2931 629 2996 quae
647 2911 812 2996 posuimus
834 2916 871 2975 ut
893 2931 976 2997 quae
1000 2917 1074 2996 post
1090 2909 1257 2975 Cononem
1281 2915 1460 2996 sequuntur
1480 2909 1647 2976 declarant
1668 2909 1893 2974 additamenta
1916 2930 1988 2974 esse

334 3012 374 3076 ad
398 3012 575 3078 editionem
592 3015 730 3079 vitarum
754 3014 929 3080 secundam
953 3013 1089 3079 subinde
1113 3013 1251 3095 adiecta,
1276 3015 1322 3078 ita
1344 3035 1551 3101 nequequam
1573 3013 1649 3078 inde
1672 3012 1829 3100 probatur
1843 3013 1926 3078 vitas
1946 3013 1988 3077 ad

333 3115 499 3181 Cononem
530 3137 633 3203 usque
661 3139 774 3184 omnes
806 3118 948 3183 adfuisse
977 3120 1010 3184 in
1039 3117 1203 3183 secundae
1231 3119 1426 3183 recensionis
1454 3118 1643 3205 archetypo.
1688 3116 1913 3203 Archetypum
1943 3117 1987 3200 id,

332 3241 437 3307 aquo
469 3221 614 3308 pendent
650 3222 723 3287 libri
753 3222 902 3288 editionis
931 3221 1093 3287 secundae
1117 3243 1196 3308 quos
1219 3222 1377 3286 habemus
1408 3243 1536 3303 omnes,
1559 3222 1638 3286 nihil
1659 3219 1796 3307 impedit
1819 3220 1988 3306 quominus

332 3325 396 3389 iam
420 3326 597 3392 auctarium
628 3328 813 3391 auctariave
845 3327 1017 3392 adsciverit
1043 3326 1172 3391 adiecta
1200 3325 1242 3390 ad
1270 3327 1492 3390 recensionem
1522 3324 1696 3390 secundam
1728 3324 1925 3406 absolutam,
1956 3330 1990 3389 et

333 3437 405 3493 sunt
437 3450 521 3515 quae
552 3428 719 3495 suadeant.
769 3429 888 3496 Classis
918 3432 1034 3496 tertiae
1064 3431 1208 3516 graviter
1240 3431 1458 3517 interpolatae
1493 3429 1704 3515 archetypum
1734 3430 1762 3494 si
1796 3429 1918 3511 extitit,
1953 3433 1988 3493 ut

332 3532 512 3599 videbimus
542 3534 701 3614 extitisse,
724 3556 810 3600 saec.
829 3534 895 3600 VH
923 3541 1065 3600 exeunte
1089 3536 1141 3599 vel
1167 3534 1342 3621 incipiente
1361 3533 1464 3617 VIII,
1500 3539 1575 3598 ante
1607 3532 1641 3596 id
1668 3539 1797 3618 tempus
1825 3531 1988 3597 reicienda

332 3645 382 3701 est
410 3638 573 3725 separatio
603 3639 753 3703 classium
776 3638 911 3704 dnamm
939 3640 1063 3727 primae
1093 3645 1129 3705 et
1156 3638 1337 3719 secundae,
1370 3659 1446 3703 narn
1468 3658 1488 3702 a
1510 3636 1652 3702 secunda
1674 3635 1797 3724 pendet
1820 3637 1930 3711 tertia;
1954 3642 1988 3700 et

331 3741 413 3805 haec
437 3741 591 3806 librorum
614 3742 763 3826 affinitas,
786 3749 907 3807 utnon
929 3743 1113 3807 necessario
1131 3743 1275 3828 requirit,
1300 3742 1347 3805 ita
1369 3747 1456 3806 certe
1479 3741 1686 3806 commendat
1706 3740 1834 3824 longius
1857 3740 1986 3825 aliquod

331 3844 536 3911 intervallum
558 3846 643 3911 inter
666 3847 834 3933 archetypi
858 3847 1035 3912 communis
1058 3847 1325 3933 perscriptionem
1349 3851 1382 3911 at
1404 3845 1672 3931 perscriptionem
1696 3843 1864 3929 archetypi
1887 3844 1985 3908 iuter·

331 3951 524 4037 polatorum.
569 3949 716 4033 Accedit,
738 3951 772 4015 id
795 3951 882 4038 quod
905 3952 1002 4037 longe
1026 3951 1156 4036 gravius
1180 3956 1239 4031 est,
1264 3949 1410 4015 condicio
1433 3950 1570 4014 vitamm
1594 3969 1614 4013 a
1634 3947 1794 4034 Gregorio
1816 3949 1921 4033 primo
1944 3946 1987 4010 ad

332 4049 509 4118 Cononem.
554 4053 605 4118 De
628 4054 666 4118 iis
691 4075 774 4141 quae
797 4055 1003 4121 Dnchesnius
1030 4055 1149 4142 passim
1174 4053 1224 4140 (ut
1247 4054 1288 4118 de
1311 4053 1450 4118 Martino
1474 4053 1491 4117 I
1513 4053 1607 4121 vell
1628 4074 1660 4139 p.
1678 4051 1756 4138 340)
1780 4051 1931 4139 exposuit
1954 4058 1988 4116 at

331 4178 434 4245 nuper
455 4157 551 4222 Felix
574 4157 734 4244 Georgius
757 4158 938 4224 Rosenfeld
962 4159 1050 4245 (siber
1071 4159 1122 4223 die
1147 4158 1359 4240 Composition
1387 4157 1442 4223 des
1463 4156 1539 4222 leber
1555 4155 1755 4240 pontificalis
1776 4156 1824 4221 bia
1844 4176 1886 4220 su
1904 4154 1985 4220 Con·

330 4262 455 4324 stantia
482 4260 648 4348 Marbnrgi
675 4261 771 4349 1896)
805 4285 836 4349 p.
854 4266 972 4349 seseq.
1003 4262 1225 4350 amplificavit,
1265 4263 1325 4326 atsi
1359 4282 1423 4326 non
1460 4263 1566 4327 omnia
1600 4261 1764 4347 probarim
1798 4280 1859 4325 nec
1890 4260 1985 4324 facile

332 4372 546 4450 segregantur
572 4364 775 4430 diversitates
807 4367 962 4431 oriundae
992 4387 1035 4431 ex
1065 4372 1232 4430 auctorum
1266 4365 1483 4430 adhibitorum
1518 4364 1704 4431 diversitate
1739 4385 1864 4450 eaeque
1901 4385 1985 4450 quae

331 4466 469 4532 redeunt
483 4468 525 4533 ad
542 4468 762 4534 diversitatem
781 4470 924 4556 ipsorum
940 4471 1140 4555 scriptorum,
1163 4469 1225 4534 hoc
1241 4469 1320 4534 mihi
1336 4476 1464 4555 quoqne
1483 4468 1657 4533 admodum
1672 4468 1843 4556 probabile
1859 4468 1986 4535 videtur

331 4572 461 4657 septimi
483 4574 604 4638 saeculi
626 4574 709 4638 vitas
732 4574 891 4660 proficisci
915 4595 934 4637 a
957 4572 1165 4659 scriptoribus
1187 4572 1333 4658 pluribus
1355 4593 1415 4659 per
1437 4573 1525 4638 vices
1549 4571 1806 4638 succedentibus.

437 4674 584 4740 Certiora
599 4677 736 4742 fortasse
749 4684 940 4764 argumenta
956 4677 997 4742 ad
1014 4678 1237 4764 quaestionem
1253 4676 1469 4742 decidendam
1485 4677 1706 4764 suppeditabit
1717 4683 1885 4743 anctorum
1898 4696 1985 4741 corn·

330 4780 467 4866 paratio,
491 4785 558 4845 tarn
575 4802 686 4846 eorum
703 4783 756 4870 qui
773 4804 888 4868 corpus
910 4783 971 4847 hoc
993 4782 1026 4847 in
1048 4803 1142 4847 usum
1165 4802 1257 4847 snum
1281 4787 1337 4846 ant
1358 4788 1586 4848 converterunt
1609 4787 1743 4846 autnon
1758 4780 1984 4862 adhibuerunt,

332 4904 403 4949 cum
428 4885 453 4948 si
476 4883 679 4966 habuissent,
703 4892 792 4951 certo
815 4886 1053 4969 adhibuissent,
1077 4907 1174 4973 qnam
1197 4884 1415 4951 adhibitorum
1439 4907 1459 4950 a
1481 4887 1624 4973 corporis
1647 4885 1880 4967 conditoribus,
1904 4907 1984 4972 qua-

333 4994 425 5052 tenns
448 4989 481 5053 hi
504 4989 626 5053 faciunt
640 4989 682 5053 ad
698 4992 814 5055 aetatis
837 4991 1060 5077 quaestionem
1077 4990 1299 5055 dirimendam.
1336 4989 1429 5055 Haec
1452 4997 1644 5076 argumenta
1660 4991 1758 5055 etiarn
1781 4988 1822 5054 ad
1844 4991 1984 5077 priorem

332 5092 507 5158 editionem
530 5094 734 5179 perveniunt.

434 5197 612 5283 Gregorius
628 5197 825 5263 Turonensis
848 5196 956 5283 (natus
973 5219 999 5262 c.
1016 5218 1046 5263 a.
1067 5200 1129 5262 538
1153 5197 1233 5262 obiit
1256 5219 1285 5262 a.
1303 5202 1378 5279 594)
1402 5218 1598 5284 quamquam
1622 5200 1848 5264 commercium
1871 5198 1985 5263 habuit

332 5321 403 5365 cnm
426 5302 563 5388 Pelagio
586 5302 603 5366 I
626 5309 660 5367 et
682 5301 841 5386 Gregorio
865 5302 882 5366 I
905 5303 1065 5388 episcopis
1087 5301 1243 5366 Romanis
1266 5307 1301 5365 et
1322 5322 1406 5387 quae
1430 5302 1471 5366 de
1493 5303 1533 5367 iis
1555 5323 1615 5388 per
1636 5303 1751 5367 missos
1774 5303 1984 5388 comperisset

332 5405 458 5489 scriptis
480 5406 545 5470 suis
569 5407 702 5470 inseruit
718 5406 804 5488 (hist.
820 5405 934 5470 Franc.
956 5409 1003 5487 10,
1020 5411 1055 5479 4;
1078 5405 1118 5471 cf.
1136 5407 1170 5469 in
1192 5406 1273 5490 glor.
1297 5412 1389 5470 mart.
1412 5427 1439 5470 c.
1456 5409 1522 5487 82),
1544 5427 1650 5492 neque
1672 5407 1706 5471 in
1729 5406 1861 5470 historia
1880 5406 1983 5471 Fran-

332 5529 441 5572 corum
474 5530 580 5595 neque
609 5513 642 5574 in
670 5511 802 5595 reliquis
830 5510 1070 5574 commentariis
1098 5511 1268 5596 quicquam
1297 5511 1421 5575 rettulit
1451 5531 1493 5575 ex
1520 5510 1602 5575 libro
1633 5510 1818 5596 episcopali.
1864 5509 1984 5575 Contra

332 5611 462 5696 quidem
485 5612 567 5676 dixit
591 5613 792 5678 Dnchesnius
816 5615 890 5693 (vol.
910 5613 925 5676 I
947 5635 979 5699 p.
995 5613 1060 5678 LII
1071 5612 1155 5698 seq.)
1179 5614 1379 5679 contendens
1409 5615 1599 5680 laterculum
1631 5615 1855 5700 episcoporum
1878 5613 1982 5678 Turo-

332 5714 477 5780 nensium
504 5715 637 5781 historia
665 5716 721 5780 illa
748 5716 1016 5803 comprehensum
1045 5720 1110 5800 (10,
1127 5719 1183 5803 31)
1206 5717 1378 5783 formatum
1407 5738 1479 5783 csse
1507 5718 1549 5783 ad
1579 5719 1766 5804 exemplum
1791 5717 1983 5803 episcopalis
