4658 6576
993 446 1278 503 Pacuucouuua
1922 447 1962 501 IX

307 617 424 703 integri
447 621 523 684 olim
547 620 641 685 tertio
665 619 791 685 decimo
815 621 1109 707 (quaternionibus,
1132 622 1186 707 qui
1207 621 1326 707 integri
1349 627 1538 707 supersunt,
1563 619 1638 685 inde
1662 642 1682 684 a
1705 621 1801 685 tertio
1825 642 1844 684 a
1867 642 1964 685 manu

307 723 412 807 prima
432 725 465 787 in
487 725 551 789 fine
574 726 718 810 inscripti
741 732 814 790 sunt
836 725 977 809 numeri)
1000 726 1112 812 incipit
1135 726 1326 812 Hieronymi
1349 726 1599 791 commentarius
1623 724 1666 790 de
1690 725 1765 790 viris
1788 725 1964 789 illustribus

309 847 380 890 cum
407 830 551 893 auctario
579 828 754 911 Gennadii,
786 851 883 916 quem
912 830 1078 916 excipiunt
1106 836 1201 915 gesta
1232 830 1397 895 Acaciaua
1427 829 1592 912 (Maassen
1626 828 1754 911 Qacllca
1784 834 1793 893 1
1826 850 1857 914 p.
1876 829 1963 909 763).

306 928 484 1016 Supersunt
508 953 550 997 ex
580 934 766 1020 pontificum
788 934 862 998 vitis
885 933 1049 997 Anastaaii
1071 933 1106 999 Π
1136 954 1209 1018 pars
1240 940 1389 998 extrema
1415 939 1449 998 et
1484 938 1554 997 tota
1584 933 1651 998 vita
1674 931 1876 1018 Symmachi,
1912 933 1964 996 cui

305 1055 456 1100 numerus
479 1036 667 1121 praeligitur
681 1034 756 1118 LII,
781 1037 910 1122 copiose
928 1043 1094 1111 enarrata3
1117 1036 1166 1100 his
1188 1037 1359 1102 subiuncta
1383 1037 1610 1122 episcoporum
1631 1037 1762 1101 nomina
1777 1034 1963 1100 LIII-LX

305 1137 347 1203 ab
373 1137 551 1204 Hormisda
579 1137 621 1202 ad
643 1138 799 1225 Vigilium
829 1138 947 1204 additis
969 1141 1081 1226 spatiis
1105 1161 1178 1204 cum
1200 1147 1295 1225 gesta
1317 1141 1406 1205 nulla
1433 1139 1577 1205 habeant
1607 1139 1786 1224 adscripta,
1815 1138 1964 1203 videntur

308 1240 434 1306 adiecta
468 1263 541 1307 esse
575 1264 595 1306 a
624 1243 755 1309 librario
788 1244 926 1309 fortasse
954 1244 1054 1330 ipsius
1086 1244 1180 1308 huius
1209 1243 1338 1309 codicis.
1390 1242 1523 1330 Scripsit
1554 1244 1652 1329 igitur
1685 1249 1796 1307 auctor
1827 1241 1963 1307 sedente

308 1344 483 1410 Hormisda
505 1353 539 1410 et
561 1347 706 1433 quidem,
730 1355 765 1413 ut
788 1349 939 1413 observat
964 1348 1173 1430 Duohesnius‚
1198 1349 1335 1415 durante
1358 1349 1531 1415 schismate
1558 1369 1597 1414 eo
1621 1348 1709 1435 quod
1731 1348 1828 1412 finem
1851 1347 1965 1411 habuit

307 1471 336 1513 a.
362 1453 434 1515 519.
477 1449 572 1515 Folia
597 1471 715 1515 novem
745 1471 828 1536 quae
858 1450 1082 1516 desiderantur
1103 1453 1131 1516 si
1153 1472 1218 1516 nou
1248 1453 1473 1517 continuerunt
1500 1451 1561 1515 nisi
1584 1454 1769 1535 catalogum
1795 1470 1963 1536 paparum,

306 1554 432 1639 singula
455 1554 568 1639 quinas
591 1554 660 1618 lere
675 1556 758 1618 vitas
781 1553 973 1621 habuerunt.
1011 1554 1125 1620 Potest
1147 1576 1299 1621 recensus
1322 1556 1375 1621 hic
1389 1555 1602 1622 Libonianum
1626 1554 1881 1629 continuavisse;
1905 1553 1964 1619 sed

305 1656 428 1737 obstat,
464 1657 552 1743 quod
582 1664 695 1721 auctor
730 1659 872 1743 corporis
906 1657 1093 1723 Damasiaui
1125 1679 1321 1745 quamquam
1352 1659 1538 1744 catalogum
1563 1657 1775 1725 Liberianum
1806 1656 1964 1740 adhibuit,

306 1781 422 1846 corpus
438 1759 719 1847 Symmachianum
734 1762 904 1847 ignoravit.
930 1799 969 1808 -
993 1761 1172 1827 Edideruut
1195 1784 1279 1848 quae
1296 1783 1338 1828 ex
1355 1784 1394 1828 eo
1410 1769 1585 1850 supersunt
1609 1762 1753 1847 corporis
1776 1761 1965 1825 Damasiaui

305 1864 447 1930 editores
472 1864 662 1930 Franciscus
690 1871 724 1929 et
750 1865 909 1951 Iosephus
937 1865 1142 1930 Blanchinius
1171 1865 1289 1952 (vol.3
1319 1888 1348 1930 a.
1369 1870 1449 1932 1728
1480 1888 1512 1952 p.
1535 1869 1597 1931 209
1627 1866 1836 1951 imperfecte,
1866 1865 1963 1952 plene

304 1970 403 2033 vol.⁴
427 1989 456 2035 a.
477 1972 557 2034 1735
588 1990 620 2054 p.
636 1967 762 2054 LXIX)
795 1976 829 2034 et
857 1969 917 2034 sub
947 1970 1039 2034 titulo
1070 1969 1244 2055 fragmenti
1266 1969 1495 2052 Laurentiani,
1528 1975 1702 2057 propterea
1733 1967 1819 2054 quod
1852 1974 1965 2032 auctor

306 2073 395 2137 favet
416 2071 602 2158 Symmachi
624 2071 810 2138 adversario
833 2073 1021 2153 Laurentio,
1043 2073 1247 2139 Duohesnius
1271 2072 1349 2160 (vol.
1371 2080 1384 2139 1
1408 2095 1441 2160 p.
1458 2076 1586 2139 43-46
1610 2072 1651 2138 cl.
1673 2094 1707 2159 p.
1724 2070 1845 2152 XXX).
1883 2070 1963 2135 Mihi

305 2176 450 2242 codicem
473 2175 579 2241 denuo
602 2177 736 2240 contulit
750 2175 939 2241 Edmundus
954 2177 1079 2242 Hauler
1102 2176 1346 2260 diligentissime
1370 2182 1404 2242 et
1424 2178 1496 2263 ipse
1520 2197 1650 2263 quoque
1674 2196 1749 2240 sum
1773 2176 1958 2260 recognovi.

304 2280 472 2366 Reliquias
505 2279 564 2344 has
594 2281 815 2345 commentarii
837 2280 1034 2345 Damasiano
1066 2281 1253 2366 antiquioris
1282 2287 1316 2346 et
1341 2283 1439 2366 longe
1469 2280 1729 2367 praestantioris,
1764 2299 1960 2366 quamquam

303 2386 388 2450 inter
404 2405 460 2449 eas
476 2391 509 2449 et
532 2405 648 2470 corpus
663 2383 897 2450 Damasiauum
920 2386 1008 2450 nulla
1023 2385 1204 2449 coniunctio
1220 2385 1403 2465 intercedit,
1426 2406 1486 2450 uos
1504 2406 1569 2450 uua
1591 2405 1664 2450 cum
1682 2404 1721 2448 ea
1744 2384 1961 2470 proponimus,

304 2494 341 2552 ut
361 2488 512 2574 legrmtur
532 2489 566 2553 in
588 2487 700 2553 codice
715 2487 907 2555 Veronensi.
951 2487 1088 2553 Lineola
1113 2491 1118 2570 Ι
1142 2488 1302 2574 siguificat
1332 2494 1464 2576 puncta,
1497 2489 1614 2575 quibus
1641 2489 1675 2553 in
1703 2487 1815 2553 codice
1839 2488 1961 2572 passim

307 2598 468 2657 commata
490 2598 690 2678 separantur.

274 2803 285 2841 ι
461 2778 524 2869 [ad]
540 2782 551 2862 Ι
568 2782 800 2869 imperatorem
816 2779 1023 2845 Anastasium
1039 2779 1161 2846 directa
1183 2801 1243 2868 per
1259 2779 1468 2846 Cresconium
1485 2786 1519 2847 et
1534 2780 1734 2847 Germanum
1758 2782 1938 2867 episcopos,
1956 2779 1960 2867 Ι
1973 2797 2030 2863 f.r

460 2906 544 2973 quae
567 2893 658 2951 teuta
680 2886 908 2952 scribturarum
932 2885 1120 2950 caelestium
1135 2886 1328 2951 auctoritate
1345 2884 1475 2950 suffulta
1500 2893 1559 2968 est,
1579 2886 1585 2970 Ι
1604 2892 1641 2950 ut
1665 2885 1718 2971 qui
1740 2884 1823 2949 hanc
1839 2886 1962 2949 intenta

461 2997 570 3056 mente
592 2989 652 3055 suh
676 2989 783 3054 dinuo
806 2990 922 3053 timore
946 2989 1132 3074 perlegerit,
1153 2988 1157 3073 Ι
1177 2989 1316 3054 inaniter
1338 2989 1494 3055 hactenus
1521 2991 1607 3055 inter
1629 2989 1783 3054 ecclesias
1799 2987 1959 3072 Orientisl

461 3102 495 3159 st
516 3094 632 3159 Itahae
653 3095 657 3177 Ι
677 3092 815 3159 schisma
837 3099 904 3158 tam
927 3094 1084 3158 nefarium
1107 3093 1284 3179 perdurare
1308 3100 1492 3180 cognoscat.

275 3217 287 3255 s
361 3197 437 3261 LII:
462 3196 674 3283 Symmachus
696 3197 782 3263 sedit
804 3217 904 3262 annos
927 3196 1120 3283 quindecem
1144 3217 1272 3262 menses
1295 3205 1422 3284 septem
1445 3198 1516 3263 dies
1538 3199 1652 3284 viginti
1675 3206 1709 3263 et
1728 3203 1864 3283 septem.
1890 3217 1962 3260 cum

458 3301 521 3366 hcc
543 3308 653 3367 autem
676 3302 782 3367 luerat
803 3299 998 3366 Laurentius
1021 3299 1190 3366 Romanas
1215 3302 1373 3366 ecclesiae
1395 3302 1569 3388 presbyter
1595 3300 1761 3366 ordinatus
1791 3301 1962 3387 episcopus

460 3411 615 3491 mutaque
632 3407 752 3471 clerum
768 3426 806 3471 ac
825 3407 831 3489 Ι
851 3406 1006 3492 populum
1021 3403 1204 3470 Romanum
1222 3404 1382 3471 discordia
1403 3406 1513 3471 feralis
1529 3407 1704 3487 invaserat,
1725 3413 1763 3471 ut
1777 3426 1838 3470 nec
1855 3405 1963 3470 divina

460 3509 675 3575 consideratio
704 3512 709 3592 Ι
734 3531 794 3576 nec
824 3517 929 3575 metus
959 3510 1068 3596 regius
1098 3516 1208 3596 partes
1236 3531 1256 3575 a
1283 3510 1416 3596 propria
1442 3511 1616 3576 conlisione
1650 3510 1827 3576 cohiberet.
1853 3510 1857 3592 Ι
1887 3516 1962 3574 tunc

460 3621 618 3699 coguntur
636 3613 642 3695 Ι
661 3613 798 3700 utrique,
819 3618 825 3696 Ι
845 3614 1058 3700 Symmachus
1077 3613 1201 3679 scilicet
1216 3621 1250 3679 et
1269 3615 1275 3697 Ι
1294 3613 1498 3695 Laurentius,
1514 3615 1641 3700 regium
1658 3614 1793 3680 subituri
1807 3611 1961 3678 iudicium

459 3724 571 3803 petere
605 3718 804 3785 comitatum.
835 3716 841 3803 Ι
868 3718 914 3783 ibi
948 3716 1160 3804 Symmachus
1191 3719 1300 3783 multis
1334 3718 1479 3805 pecuniis
1511 3719 1655 3803 optinet;
1687 3717 1881 3782 Laurentius
1918 3715 1962 3780 ad

459 3819 704 3906 gubernandam
727 3822 900 3887 ecclesiam
922 3820 1095 3886 Nuceriam
1112 3818 1312 3908 Campaniae
1336 3822 1500 3886 civitatem
1522 3821 1668 3907 plurimis
1691 3826 1823 3885 coactus
1839 3820 1934 3885 minis
1954 3818 1958 3904 Ι

458 3925 786 4012 promissionibusque
810 3924 966 4011 dirigitur.
991 3925 997 4009 Ι
1022 3931 1096 4011 post
1119 3924 1251 4011 aliquod
1282 3931 1390 3990 autem
1419 3945 1522 3989 annos
1550 3945 1608 4011 pro
1638 3925 1747 3989 multis
1774 3923 1960 3989 criminibus

459 4035 537 4116 aput
565 4051 678 4116 regem
701 4029 913 4116 Symmachus
941 4036 1118 4096 accusatur.
1153 4050 1251 4115 quem
1273 4050 1332 4095 rex
1351 4032 1357 4111 Ι
1376 4029 1436 4094 sub
1460 4029 1630 4094 occasione
1657 4027 1811 4116 paschali,
1838 4026 1843 4109 Ι
1871 4026 1959 4112 quod

459 4153 522 4196 non
555 4154 627 4198 cum
661 4134 870 4199 universitate
908 4132 1147 4214 celebraverat,
1185 4131 1227 4196 ad
1264 4133 1450 4197 comitatum
1488 4128 1669 4219 convo[cat]
1705 4131 1863 4196 rationem
1904 4127 1956 4219 dle

460 4234 580 4323 tantae]
607 4237 789 4302 festivitatis
812 4236 1009 4302 dissonantia
1030 4235 1040 4323 ΙΙ
1061 4234 1274 4301 redditurum:
1303 4237 1444 4323 lecitque
1467 4236 1555 4322 apud
1578 4236 1757 4301 Ariminum
1779 4233 1955 4323 resederis.
1971 4238 1995 4301 s·
2013 4236 2033 4287 ¹¹

460 4336 611 4426 dlumque
639 4339 761 4405 ibidem
787 4361 860 4405 oum
889 4340 954 4404 suis
983 4339 1107 4404 clericis
1140 4340 1373 4425 aliquantisper
1402 4347 1562 4422 moratur,
1598 4339 1843 4426 promeridianis
1874 4339 1960 4406 horis

459 4464 557 4529 super
578 4444 653 4508 litus
676 4444 773 4509 maris
795 4444 964 4509 ambulans
979 4443 1061 4508 vidit
1081 4443 1234 4508 mulieres
1256 4442 1332 4508 inde
1350 4445 1496 4522 haurire,
1520 4464 1593 4509 cum
1613 4442 1730 4529 quibus
1747 4444 1960 4509 accusabatur

459 4547 492 4611 iu
515 4548 651 4612 scelere:
676 4568 759 4634 quae
784 4548 970 4613 comitatum
993 4547 1150 4633 petebant
1168 4547 1261 4633 regia
1280 4548 1431 4614 iussione.
1466 4546 1669 4611 dissimulans
1694 4567 1773 4632 ergo
1797 4568 1832 4611 se
1852 4549 1857 4628 Ι
1877 4548 1959 4611 scire

461 4651 548 4736 quod
562 4651 690 4717 viderat
711 4658 806 4717 nocte
822 4651 930 4717 media
946 4651 1179 4717 dormientibus
1202 4652 1324 4716 cunctis
1346 4672 1419 4717 cum
1441 4672 1505 4716 uno
1529 4656 1654 4715 tentum
1678 4652 1806 4716 conscio
1832 4652 1959 4735 lugiens

458 4755 640 4840 regreditur
653 4756 793 4822 Romam
812 4756 818 4840 Ι
837 4776 938 4842 seque
954 4756 1038 4820 intra
1060 4755 1149 4821 beati
1165 4754 1254 4820 Petri
1270 4756 1408 4842 apostoli
1431 4762 1525 4841 septa
1546 4752 1717 4819 concludit.
1739 4755 1743 4833 Ι
1767 4759 1842 4817 tunc
1865 4775 1956 4839 pres-

459 4858 565 4943 byteri
588 4865 623 4923 et
645 4857 771 4924 diaconi
789 4858 796 4944 Ι
815 4879 876 4924 nec
898 4879 961 4923 nou
984 4858 1099 4944 reliqui
1121 4858 1327 4937 clericorum,
1351 4879 1431 4944 quos
1454 4878 1564 4922 secum
1588 4855 1779 4936 deduxerat,
1807 4859 1811 4937 Ι
1838 4855 1960 4921 adeunt

459 4981 572 5046 regem
596 4968 630 5026 et
652 4961 720 5024 sine
743 4982 802 5025 sua
824 4961 1019 5026 conscientia
1039 4962 1044 5043 Ι
1064 4959 1294 5046 Symmachum
1319 4961 1440 5046 fugisse
1464 4966 1632 5025 testantur.
1660 4962 1664 5040 Ι
1694 4980 1753 5044 per
1775 4981 1855 5045 quos
1877 4968 1957 5039 rexi

459 5070 525 5130 tam
548 5063 591 5128 ad
614 5070 762 5130 senatum
784 5085 880 5151 quam
903 5063 945 5129 ad
968 5066 1090 5130 clerum
1112 5071 1289 5151 praecepta
1308 5067 1312 5146 Ι
1333 5086 1431 5151 super
1455 5066 1524 5130 eius
1540 5063 1682 5151 quodam
1706 5063 1803 5128 modo
1826 5064 1958 5130 damna-

459 5170 547 5233 tione
569 5170 764 5234 transmittit.
786 5170 790 5253 Ι
811 5174 979 5235 accusatur
1001 5170 1099 5234 eliam
1122 5168 1163 5233 ab
1187 5169 1336 5233 universo
1359 5170 1446 5234 clero
1469 5169 1630 5248 Romano,
1655 5166 1743 5253 quod
1767 5175 1878 5232 contra
1901 5167 1957 5231 de-

259 5305 285 5346 „
460 5279 583 5338 cretum
603 5275 608 5351 Ι
629 5293 648 5335 a
664 5274 729 5337 suis
744 5271 969 5338 decessoribus
985 5274 1192 5338 observatum
1209 5273 1429 5337 ecclesiastica
1444 5271 1657 5361 dilapidasset
1672 5270 1807 5358 praedia
1827 5273 1831 5354 Ι
1852 5279 1885 5335 et
1901 5292 1960 5357 per

403 5425 421 5480 4
438 5435 490 5480 tam
508 5430 619 5481 schisma
636 5429 691 5480 ced.
745 5431 877 5498 cognoscit
893 5431 949 5483 cod.
1032 5428 1064 5481 11
1083 5430 1234 5482 nucerinam
1251 5429 1307 5481 cod
1392 5427 1426 5481 14
1444 5445 1533 5481 carru
1550 5430 1620 5481 hiat:
1638 5427 1665 5495 ΙΙΙ
1676 5428 1829 5495 dcudpium
1848 5438 1958 5480 matum-

301 5511 502 5582 mcdc)ationem
521 5513 619 5578 (littero
640 5532 727 5579 exuo,
748 5516 794 5567 ssd
816 5517 879 5567 rotis
897 5516 979 5582 carm)
1001 5517 1018 5567 h
1037 5514 1089 5581 (cel
1104 5517 1113 5568 l
1130 5515 1171 5568 ccl
1187 5515 1205 5567 b
1222 5516 1263 5567 orl
1280 5516 1298 5568 d
1315 5516 1371 5579 cst)
1388 5512 1417 5580 lc
1440 5513 1620 5578 (retrusis)
1638 5535 1654 5567 a
1672 5513 1725 5578 (rel
1741 5532 1758 5567 u
1778 5516 1818 5567 cel
1833 5516 1871 5581 m)
1890 5533 1908 5566 n
1920 5511 1957 5578 (t)

301 5596 328 5663 ΙΙΙ
337 5598 470 5668 (deficiunt
487 5602 586 5654 litterae
604 5611 654 5654 tm
671 5611 795 5667 cupam
812 5604 853 5655 rel
869 5603 937 5654 duce
955 5603 1073 5667 latiores)
1090 5600 1198 5668 Sauo,
1215 5603 1261 5655 red
1272 5603 1492 5669 camerariam
1509 5601 1687 5670 dissonant(nl
1712 5602 1893 5669 liparae)ia(ia
1910 5602 1958 5652 nri·

304 5685 399 5753 nores).
429 5686 565 5739 Darkama
583 5689 707 5740 rationem
726 5688 810 5755 (quasi
829 5688 870 5753 de)
888 5690 1038 5742 lestiuitatis
1055 5690 1216 5743 &sonantia
1233 5699 1327 5741 contro
1344 5690 1440 5742 codicis
1456 5690 1568 5757 outiyic.
1654 5688 1689 5742 23
1707 5689 1884 5755 quodadmodo
1902 5688 1957 5739 cort

302 5770 338 5823 25
355 5772 509 5840 dilapidasse
527 5773 583 5826 cod.

406 5891 482 5929 umas
498 5890 675 5931 corruimus
692 5893 709 5931 ι.
1730 5878 1748 5930 b
