4658 6576
473 415 526 469 XII
1165 413 1450 471 monsacutus.

474 588 684 653 crederentur
712 608 776 652 non
807 589 934 672 privata
963 608 1065 676 opera
1085 589 1292 669 elaboratae,
1326 589 1385 654 sed
1416 588 1457 653 ab
1485 589 1562 676 ipsis
1590 591 1749 677 episcopis
1781 591 1939 655 ecclesiae
1962 591 2134 678 primariae

474 692 604 778 publice
643 690 767 771 editae,
805 693 1011 757 continuatae
1046 699 1173 776 autem,
1211 713 1284 757 cum
1321 693 1364 757 ad
1398 692 1533 756 Damasi
1570 694 1670 779 ipsius
1704 694 1803 758 vitam
1840 700 1874 758 et
1909 694 2133 781 episcoporum

474 796 687 881 posteriorum
715 796 830 860 notitia
853 798 994 861 auctoris
1021 798 1110 861 nulla
1137 796 1301 883 adscripta
1329 797 1540 883 reperiretur,
1568 798 1656 863 iussu
1682 797 1924 863 succedentium
1947 799 2134 884 pontificum

473 904 638 985 tamquam
662 919 763 985 opera
785 900 915 986 publice
939 900 1103 964 mandata.
1143 900 1346 966 Procedente
1370 906 1480 966 aetate
1503 922 1582 966 sane
1607 908 1640 966 et
1663 902 1745 967 libro
1768 902 1810 966 ab
1833 902 1973 968 ecclesia
2000 911 2133 990 recepto

473 1024 551 1068 rere
574 1004 760 1090 pontificum
783 1004 871 1068 iussu
895 1024 970 1068 eum
995 1005 1214 1069 continuatum
1244 1024 1316 1068 esse
1339 1003 1509 1089 probabile
1534 1011 1593 1086 est,
1618 1004 1675 1070 sed
1700 1005 1740 1069 ad
1764 1026 1837 1071 eam
1859 1011 2013 1088 aetatem,
2037 1028 2133 1092 quarn

473 1105 551 1170 mihi
584 1106 787 1171 tractandam
820 1108 958 1191 sumpsi,
991 1106 1025 1171 id
1058 1108 1114 1171 rix
1148 1107 1296 1193 pervenit
1309 1104 1344 1191 ¹).
1402 1105 1542 1172 Omnino
1579 1108 1662 1173 haec
1698 1109 1766 1172 sive
1803 1109 1921 1174 ficticia
1953 1110 2022 1175 sive
2055 1131 2134 1176 rora

475 1210 565 1294 origo
588 1212 719 1297 publica
746 1210 969 1275 incredibilem
999 1212 1141 1297 corporis
1172 1231 1231 1297 per
1261 1211 1391 1276 saecula
1422 1212 1603 1297 posteriora
1625 1213 1850 1277 auctoritatem
1881 1213 2068 1298 explicabit.
2092 1252 2133 1262 -

474 1313 682 1380 Anastasium
705 1315 986 1379 bibliothecarium
1001 1312 1161 1379 Nicolail
1184 1335 1269 1379 saec.
1285 1314 1335 1379 IX
1358 1322 1525 1380 auctorem
1549 1317 1693 1401 corporis
1710 1316 1888 1402 appellavit
1910 1317 2031 1403 primus
2046 1318 2133 1383 Pan·

475 1418 578 1483 ninius
601 1439 691 1483 mero
715 1439 835 1501 errore,
860 1418 977 1483 deinde
1001 1439 1061 1504 per
1084 1419 1214 1483 saecula
1235 1418 1376 1483 refutato
1400 1418 1542 1505 quidem,
1567 1405 1711 1484 sednon
1735 1419 1875 1484 abiecto.
1919 1418 2070 1486 Diximus
2092 1422 2133 1487 de

476 1541 515 1585 eo
543 1522 641 1603 infra,
674 1522 729 1587 ubi
757 1522 898 1587 editores
927 1527 961 1586 et
988 1528 1162 1609 apparatus
1194 1528 1412 1588 recensentur.
1447 1559 1487 1569 —
1521 1521 1656 1587 Librum
1682 1523 1837 1609 scriptum
1866 1543 1938 1588 esse
1966 1525 2134 1589 sclericis

476 1624 635 1691 dioecesis
657 1627 825 1691 Romanae
852 1625 928 1690 inde
951 1627 1153 1712 potissimum
1176 1632 1329 1712 apparet,
1356 1626 1443 1711 quod
1469 1625 1590 1710 passim
1613 1633 1763 1692 auctores
1796 1625 1919 1691 addunt
1946 1634 2020 1692 acta
2049 1647 2132 1713 quae

476 1729 575 1793 citant
596 1729 761 1794 adservari
783 1730 816 1793 in
839 1730 907 1795 eius
932 1729 1052 1811 archio,
1076 1750 1140 1815 qua
1163 1728 1204 1793 de
1228 1749 1263 1794 re
1286 1729 1379 1812 infra,
1402 1729 1458 1794 ubi
1480 1729 1520 1793 de
1544 1729 1687 1794 fontibus
1713 1730 1852 1812 dicetur,
1876 1750 1982 1795 sermo
2005 1731 2132 1796 redibit.

477 1831 675 1897 Confirmant
706 1854 775 1898 rem
804 1834 1005 1919 aliquatenus
1036 1839 1124 1897 certe
1155 1833 1316 1898 domicilia
1339 1832 1487 1898 codicum
1511 1834 1815 1919 antiquissimorum.
1860 1831 1981 1898 Classis
2011 1835 2133 1920 primae

475 1934 558 1999 liber
584 1937 753 2021 primarius
784 1943 820 2000 ut
847 1937 945 2001 hodie
975 1938 1021 2001 ita
1051 1937 1174 2022 origine
1205 1944 1255 2002 est
1281 1937 1451 2018 Lucensis,
1487 1936 1699 2023 eiusdemque
1729 1938 1839 2002 classis
1868 1936 1949 2002 libro
1979 1958 2055 2002 usus
2085 1945 2135 2002 est

476 2038 661 2105 Hadrianus
682 2041 700 2104 I
722 2041 892 2128 episcopus
915 2040 1081 2105 Romanus
1104 2040 1192 2128 (ride
1216 2041 1258 2106 ad
1281 2044 1333 2124 98,
1347 2040 1391 2126 4).
1437 2040 1558 2106 Olassis
1585 2043 1701 2106 tertiae
1725 2040 1929 2126 interpolatio
1952 2059 2016 2103 una
2045 2047 2134 2105 certe

477 2143 566 2224 (vide
600 2145 683 2209 infra
710 2145 752 2209 ad
784 2148 834 2223 32,
858 2146 890 2227 2)
924 2147 1003 2210 item
1037 2145 1124 2210 ducit
1158 2145 1200 2209 ad
1233 2145 1414 2227 Etruriam,
1453 2152 1487 2210 et
1520 2167 1563 2210 ex
1596 2144 1754 2210 eiusmodi
1783 2144 1864 2210 libro
1899 2149 2028 2230 sumpta
2061 2152 2135 2209 sunt

476 2267 562 2313 saec.
585 2246 651 2312 Vll
679 2255 835 2334 excerpta
863 2249 1000 2313 fortasse
1027 2270 1092 2313 non
1122 2248 1295 2314 adservata
1324 2255 1465 2331 tantum,
1500 2247 1558 2313 sed
1590 2249 1709 2334 scripta
1738 2267 1866 2333 quoque
1895 2245 2050 2312 Mutinae.
2095 2249 2135 2312 In

476 2350 618 2416 secunda
641 2352 743 2416 classe
768 2353 980 2437 antiquissimi
1004 2353 1123 2438 quique
1146 2351 1219 2416 libri
1241 2359 1316 2416 sunt
1339 2350 1521 2417 Bobienses
1552 2351 1638 2433 duo,
1665 2350 1763 2416 hodie
1786 2351 1870 2416 alter
1890 2349 2135 2438 Neapolitanus,

476 2455 559 2518 alter
582 2455 800 2520 Taurinensis.
844 2455 930 2521 Item
954 2455 1170 2521 adhibuerunt
1193 2456 1311 2521 librum
1333 2462 1482 2520 auctores
1504 2454 1609 2520 Italici
1632 2456 1752 2519 vetusti
1777 2454 1900 2519 Paulus
1925 2454 2078 2520 diaconus
2101 2462 2135 2518 et

476 2559 529 2644 qui
557 2560 683 2644 scripsit
712 2566 806 2644 gesta
835 2561 1060 2646 episcoporum
1089 2559 1387 2647 Neapolitanorum.
1433 2558 1527 2623 Beda
1556 2558 1683 2644 Anglus
1711 2558 1797 2645 quod
1828 2558 1944 2623 eodem
1971 2579 2048 2623 usus
2075 2566 2133 2640 est,

476 2663 669 2727 commercio
701 2665 770 2727 eius
793 2684 866 2727 cum
890 2663 981 2727 Italis
1004 2668 1094 2728 recte
1118 2664 1268 2728 convenit
1289 2683 1396 2749 neque
1426 2661 1573 2727 absimile
1601 2664 1669 2727 veri
1693 2670 1743 2727 est
1763 2661 1987 2727 Pontificalem
2017 2662 2133 2728 librum

476 2765 697 2852 Transalpinis
720 2767 858 2853 primum
880 2767 1057 2831 innotuisse
1080 2787 1140 2853 per
1163 2767 1302 2831 eundem
1318 2766 1455 2832 Bedam.
1493 2765 1667 2853 Epitomae
1689 2774 1778 2831 certe
1796 2765 2014 2848 Cononianae,
2038 2788 2134 2852 quarn

476 2890 552 2934 mox
575 2871 755 2941 ridebimus
785 2871 937 2956 scriptam
967 2891 1040 2935 esse
1061 2872 1095 2935 in
1123 2872 1320 2936 monasterio
1352 2871 1459 2957 aliquo
1488 2870 1647 2935 dioecesis
1668 2869 1971 2955 Augustodunensis
1996 2870 2028 2933 in
2051 2868 2133 2934 Bur·

477 2974 598 3058 gundia
630 2981 665 3038 et
692 2975 778 3039 inter
808 2974 993 3039 testimonia
1026 2974 1066 3038 de
1097 2973 1279 3040 Pontifioali
1313 2976 1510 3061 transalpina
1538 2981 1684 3061 tempore
1712 2974 1850 3059 primum
1877 2974 1983 3037 locum
2011 2980 2135 3055 tenere,

478 3079 618 3163 origines
649 3078 853 3163 aliquatenus
884 3080 1073 3144 coniunctae
1104 3087 1179 3142 sunt
1215 3100 1288 3143 cum
1325 3078 1483 3153 Bedanis;
1519 3100 1595 3143 nam
1632 3080 1687 3164 qui
1723 3079 1844 3164 primus
1879 3098 1952 3142 eam
1989 3076 2136 3141 adhibuit

477 3188 590 3246 auctor
612 3182 835 3246 chronicorum
860 3203 888 3245 a.
907 3186 966 3246 741
993 3189 1079 3246 totus
1102 3182 1225 3268 pendet
1241 3204 1260 3246 a
1275 3181 1377 3247 Beda.
1414 3182 1615 3247 Felicianam
1639 3183 1805 3267 epitomen
1828 3188 1861 3245 et
1883 3182 1987 3268 ipsam
2010 3183 2134 3267 origine

478 3285 636 3351 Gallicam
666 3287 745 3351 item
775 3285 859 3350 infra
886 3286 1059 3372 apparebit
1079 3307 1144 3351 non
1167 3288 1252 3351 sexti
1275 3288 1397 3351 saeculi
1420 3308 1503 3367 esse,
1526 3286 1585 3351 sed
1609 3288 1724 3351 octavi.
1767 3285 1942 3350 Gestorum
1964 3286 2134 3373 plenorum

478 3388 607 3454 codices
638 3391 762 3476 origine
786 3390 917 3473 Gallici,
949 3393 1035 3457 inter
1063 3412 1144 3477 quos
1172 3393 1316 3456 eminent
1336 3391 1535 3473 Fuldenscs,
1564 3411 1760 3477 quamquam
1789 3390 1879 3454 multi
1911 3397 1999 3472 sunt,
2029 3389 2135 3453 nullus

477 3493 560 3558 iuter
584 3514 641 3558 eos
663 3495 824 3580 reperitur
846 3495 983 3582 scriptus
1006 3502 1082 3560 ante
1107 3494 1258 3560 Carolum
1281 3516 1444 3580 magnum.
1469 3494 1619 3559 —Num
1642 3496 1674 3559 in
1696 3495 1768 3581 ipsa
1789 3493 1870 3559 urbe
1893 3492 1977 3557 liber
1999 3493 2136 3578 scriptus

477 3597 527 3678 sit,
551 3598 656 3662 minus
679 3605 803 3664 certum
826 3606 892 3673 est;
914 3619 990 3663 nam
1013 3598 1101 3685 quod
1123 3599 1225 3663 multa
1246 3605 1417 3663 narrantur
1440 3598 1481 3663 de
1497 3598 1603 3663 Roma
1625 3597 1705 3663 urbe
1730 3598 1863 3683 eiusque
1886 3597 1966 3662 locis
1988 3603 2021 3661 et
2043 3595 2133 3660 aedi-

477 3699 572 3782 ficiis,
602 3722 645 3766 ex
676 3723 711 3766 re
743 3702 971 3789 explicandum
995 3709 1059 3786 est,
1087 3724 1153 3767 non
1185 3723 1227 3768 ex
1250 3704 1389 3768 auctoris
1413 3702 1585 3767 domicilio.
1629 3701 1817 3766 Fundorum
1840 3702 1977 3766 ciuitatis
1999 3701 2136 3787 scriptor

477 3803 526 3868 bis
558 3806 705 3870 meminit
739 3807 773 3871 in
802 3806 918 3872 Sotere
947 3827 979 3893 p.
1011 3810 1088 3890 lb,l
1126 3814 1160 3872 et
1187 3807 1220 3871 in
1248 3806 1408 3872 Anterote
1442 3829 1474 3893 p.
1500 3809 1551 3888 26,
1571 3809 1609 3870 10
1644 3805 1742 3869 modo
1776 3805 1939 3890 singulari.
1973 3841 2016 3850 -
2050 3805 2135 3868 Ocn-

478 3908 672 3974 tinuationes
704 3911 736 3972 in
763 3911 834 3996 ipsa
864 3909 944 3975 urbe
975 3911 1171 3997 conscriptas
1194 3931 1267 3975 esse
1289 3909 1365 3974 inde
1388 3910 1563 3995 colligitur,
1593 3908 1680 3996 quod
1706 3910 1800 3995 plura
1829 3909 1860 3972 in
1882 3908 1921 3971 iis
1953 3908 2136 3972 referuntur

478 4011 651 4099 desumpta
675 4033 717 4077 ex
741 4015 821 4079 actis
843 4014 995 4079 tabularii
1015 4013 1167 4079 Vaticani
1189 4013 1236 4101 (p.
1249 4013 1377 4100 XXII).

580 4116 723 4181 Titulum
747 4119 854 4203 operis
876 4117 950 4182 libri
973 4117 1150 4182 secundum
1178 4118 1297 4182 classes
1328 4139 1403 4182 suas
1431 4117 1598 4183 enuntiant
1620 4115 1683 4197 sic,
1713 4117 1909 4181 collocantes
1938 4136 2012 4179 eum
2035 4113 2133 4179 modo

478 4224 553 4283 ante
577 4220 733 4305 epistulas
755 4220 980 4306 praefatorias,
1003 4219 1100 4283 modo
1123 4224 1198 4305 post
1220 4240 1287 4301 eas,
1309 4219 1407 4284 modo
1432 4220 1631 4305 geminatum
1653 4218 1725 4283 loco
1748 4225 1901 4304 utroque:

580 4321 617 4386 cl.
632 4323 670 4387 I:
692 4323 896 4409 episcopale:
921 4323 967 4386 sic
988 4322 1037 4386 A¹
1059 4327 1133 4386 ante
1154 4321 1325 4404 eristum&
1347 4322 1495 4387 A⁵A⁶A⁷
1518 4321 1611 4386 titsdo
1633 4327 1750 4388 curent.

582 4425 618 4490 cl.
633 4426 679 4492 II
698 4425 772 4491 libri
799 4427 910 4508 optimi
937 4426 1054 4508 quique
1079 4425 1221 4491 0⁸B⁴B¹
1253 4425 1382 4490 titulum
1410 4425 1536 4490 nullum
1563 4425 1694 4504 bobent;
1720 4424 1837 4506 reliqui
1863 4423 2006 4489 meliores
2035 4423 2135 4489 ΒῚΒ8

685 4529 756 4612 (aci
772 4530 867 4613 prior
889 4528 1005 4594 titulus
1027 4531 1133 4611 deficit
1147 4531 1274 4612 pagina
1295 4534 1370 4593 ante
1393 4528 1547 4611 epmtulas
1567 4549 1670 4593 cocao
1692 4527 1819 4612 relicto)
1841 4526 1891 4591 Β5
1913 4528 2024 4610 (caius
2039 4528 2134 4608 prirc-

686 4634 805 4715 apium
827 4633 1024 4715 depeditum
1045 4632 1148 4714 capiet
1170 4632 1387 4717 apographum
1406 4632 1674 4715 Audoncrieae)
1696 4631 1746 4695 Β6
1767 4632 1838 4715 (ubi
1859 4631 1943 4696 deest
1964 4652 2035 4696 cum
2053 4629 2135 4716 folio

679 4738 787 4819 primo
815 4737 930 4802 titulus
945 4739 1055 4820 prior)
1077 4735 1168 4802 13³1)
1196 4736 1305 4802 titulos
1330 4736 1444 4802 babeat
1471 4737 1560 4814 duos,
1588 4735 1724 4800 almam
1751 4741 1826 4800 cate
1853 4733 2023 4815 perstas:
2053 4733 2137 4798 liber

685 4842 879 4928 episcopalis
902 4841 969 4928 (ep.
992 4862 1050 4906 orn.
1068 4840 1132 4922 Bb
1161 4842 1194 4905 in
1217 4862 1280 4927 quo
1304 4842 1509 4905 continentur
1536 4846 1610 4905 acta
1637 4839 1808 4904 beatorum
1834 4837 2022 4925 pontificum
2046 4836 2135 4901 urbis

686 4945 830 5028 Romae,
852 4945 988 5010 altemm
1010 4951 1084 5009 ante
1105 4945 1205 5009 satas:
1227 4951 1322 5030 gesta
1344 4966 1441 5032 supra
1456 4945 1647 5030 scriptorum
1664 4944 1804 5029 (scriptis
1820 4942 1883 5028 13⁷)
1900 4941 2086 5027 pontificum
2095 4939 2134 5025 ²).

477 5170 576 5222 scilicet
602 5170 743 5223 chromatii
771 5178 797 5223 et
823 5172 955 5224 Hsliodori
982 5173 1015 5223 ad
1042 5173 1231 5239 Hieronymum
1258 5171 1290 5221 de
1317 5171 1498 5238 martyrologio
1525 5171 1670 5222 Eusebisno
1699 5168 1820 5221 vertendo
1847 5175 1873 5219 et
1899 5167 1978 5219 buius
2002 5167 2134 5234 responsio

477 5257 633 5309 adsentiens.
667 5258 720 5309 Eas
744 5258 870 5324 epistulas
891 5258 1022 5326 adlegates
1044 5259 1095 5310 ism
1119 5275 1135 5309 a
1157 5257 1309 5309 cassiodoro
1331 5253 1418 5323 (inser.
1437 5256 1489 5307 div.
1507 5256 1556 5308 litt.
1574 5272 1596 5307 c.
1609 5253 1654 5308 32:
1668 5255 1804 5322 passiones
1822 5261 1966 5320 nrcrtyrum
1984 5254 2057 5319 legite
2074 5270 2134 5304 cors-

477 5350 584 5406 stonter,
601 5358 667 5409 quas
683 5343 752 5394 inter
769 5343 826 5394 atio
844 5345 872 5395 ia
889 5344 1000 5410 epistula
1017 5344 1100 5396 emti
1117 5343 1271 5410 Hieronymi
1288 5342 1325 5393 od
1341 5340 1516 5394 coronatam
1532 5350 1558 5394 et
1575 5341 1747 5394 Heliodorum
1764 5340 1900 5406 reperitis),
1918 5346 2013 5391 temere
2030 5340 2135 5391 omnino

477 5429 579 5481 ficticiis
597 5430 672 5482 hodie
690 5430 769 5497 vulgo
788 5431 978 5495 adnumeratus,
996 5431 1155 5484 Pontificalis
1172 5430 1232 5482 libri
1250 5431 1352 5482 auctori
1368 5437 1443 5482 notem
1460 5430 1541 5482 luisse
1558 5431 1592 5482 sd
1611 5431 1690 5481 vitam
1707 5426 1852 5480 Marcellini
1871 5424 1908 5492 (p.
1920 5424 1965 5485 41)
1984 5425 2092 5477 ostendi.

585 5516 605 5581 ¹)
622 5515 735 5570 Nostrae
753 5517 822 5570 sedis
840 5519 909 5585 quod
927 5518 1045 5571 meminit
1062 5520 1118 5571 vita
1135 5518 1242 5570 Martini
1264 5519 1277 5568 l
1295 5533 1319 5583 p.
1335 5513 1392 5579 181,
1404 5527 1429 5567 re
1447 5532 1499 5567 non
1517 5523 1586 5568 recta
1604 5517 1657 5568 buc
1674 5517 1799 5574 trabitur3
1817 5514 1890 5564 locus
1907 5512 1976 5563 enirn
1994 5512 2137 5578 descriptus

478 5613 518 5657 est
529 5621 563 5657 ex
577 5607 641 5657 sctis
658 5607 761 5658 concilii
772 5607 904 5660 Laterani.
975 5606 998 5673 ¹)
1014 5606 1097 5659 Omisi
1115 5621 1181 5673 quse
1199 5605 1369 5673 praemittunt
1380 5601 1485 5653 B'B'D
1503 5603 1593 5670 priori:
1611 5603 1640 5654 ia
1657 5602 1760 5654 nomine
1778 5598 1876 5652 donaro
1893 5598 1947 5663 (dei
1963 5605 1986 5650 et
1998 5597 2137 5649 colomario

478 5691 529 5743 ins.
541 5690 589 5756 13¹)
606 5693 689 5744 nosti
705 5694 760 5745 keu
777 5693 866 5745 abs-isti
881 5693 972 5760 incipit
988 5720 1021 5731 -
1039 5692 1077 5744 Βτ
1094 5691 1196 5759 incipi&
1214 5691 1348 5758 posteriori
1365 5687 1534 5741 B¹·⁸·⁸·⁸·⁸D.·
1553 5688 1583 5741 ia
1600 5688 1643 5742 dei
1659 5689 1761 5742 aonaa'm
1778 5685 1912 5751 incipiunt.
