4658 6576
902 432 1188 495 Pnonusounnn.
1756 445 1874 501 LXXIII

372 604 615 672 LXXXVIIII.
646 605 803 671 sisinnius
836 609 967 675 natione
1006 610 1106 698 Syme
1141 614 1227 679 sedit
1259 614 1331 681 dles
1357 616 1434 684 XX.
1496 620 1636 683 cessarit
1667 621 1874 706 episcopatus

424 709 558 775 morel
580 709 651 776 dies
672 711 832 778 XXVIII.

376 810 447 877 XO.
471 812 700 880 Constantinus
722 817 853 882 natione
877 817 976 903 Syrus
1005 820 1089 884 sedit
1119 843 1191 887 ann.
1209 823 1277 888 VH
1300 823 1371 890 dies
1385 825 1460 894 XV.
1506 828 1646 892 cessavit
1667 829 1874 914 episcopatus

429 917 497 983 dies
519 919 592 984 XL.
636 921 740 1007 primo
764 942 847 985 anno
865 922 1052 1007 pontificato
1070 923 1153 1011 (tus
1170 926 1262 1012 Par.)
1280 929 1349 994 eius
1365 931 1528 1016 inplentur
1550 932 1624 996 anni
1640 929 1695 996 GL
1718 930 1760 996 de
1777 953 1872 1018 repe·

427 1023 485 1087 tito
513 1021 666 1111 (rapidito
689 1022 784 1109 Par.)
816 1025 895 1089 ciclo
918 1026 1054 1092 Victorii
1083 1027 1225 1115 (uicturii
1247 1031 1342 1119 Por.)
1374 1033 1548 1100 indictione
1563 1035 1631 1101 VH
1657 1056 1741 1100 anno
1770 1036 1873 1122 primo

427 1125 558 1192 Tiberio
581 1129 761 1214 imperante
785 1150 858 1194 cum
880 1129 1023 1197 Iustiano
1048 1132 1233 1218 (iustiniano
1250 1135 1344 1220 Par.)
1368 1143 1470 1223 patre.

376 1228 463 1295 XGI.
488 1229 665 1317 Gregorius
693 1232 823 1298 natione
854 1233 1021 1299 Romanus
1044 1238 1129 1302 sedit
1161 1260 1234 1303 ann.
1249 1239 1333 1305 XVI
1356 1261 1457 1306 mens.
1473 1241 1540 1307 VII
1563 1243 1633 1309 dies
1648 1239 1794 1307 XXIIII.
1840 1248 1874 1305 et

427 1335 565 1400 cenavit
589 1336 795 1423 episcopatus
818 1336 887 1401 dies
903 1337 1044 1407 XXXV.

479 1445 571 1504 occat
593 1440 734 1521 spatium
756 1440 792 1504 r'n
814 1439 994 1506 Veronensi.

378 1541 482 1608 xun.
505 1541 682 1629 Gregorius
704 1544 835 1610 natione
867 1544 1035 1611 Romanus
1063 1547 1148 1613 sedit
1175 1571 1248 1614 ann.
1265 1551 1298 1616 X
1324 1574 1424 1618 mens.
1441 1552 1473 1617 X
1496 1552 1567 1618 dies
1583 1553 1692 1618 VIIII.
1738 1554 1876 1618 cessavit

430 1646 636 1735 episcopatus
660 1648 730 1713 dies
744 1648 805 1714 XI.

480 1757 573 1816 vocat
593 1753 735 1835 spatium
758 1753 794 1818 in
815 1752 995 1823 Veronensi.

376 1854 697 1923 tenuissumas
727 1859 858 1923 natione
883 1857 1007 1923 Grecus
1036 1860 1121 1924 sedit
1150 1882 1222 1924 ann.
1239 1860 1272 1925 X
1294 1882 1396 1929 mens.
1415 1863 1464 1928 ΙΙΙ
1494 1863 1565 1928 dies
1580 1865 1692 1930 XIIII.
1738 1869 1877 1933 cessavit

429 1961 636 2048 episcopatus
658 1961 729 2028 dies
743 1962 821 2027 XII.

478 2064 578 2130 solnm
596 2085 703 2149 papae
724 2087 837 2131 nomen
858 2067 1053 2149 dc'pnoscitnr
1074 2069 1110 2131 tn
1132 2068 1311 2148 Veronensi,
1334 2070 1390 2134 nbi
1411 2071 1524 2136 deinde
1546 2077 1639 2137 vocat
1659 2075 1810 2155 spatium.

378 2168 518 2236 XGIIlI.
543 2169 726 2257 Stephanus
747 2171 878 2236 natione
896 2170 1019 2236 Grecos
1042 2170 1127 2236 sedit
1149 2194 1222 2237 ann.
1238 2173 1270 2237 V
1287 2183 1387 2239 mens.
1405 2175 1422 2238 l
1443 2174 1514 2240 dies
1529 2175 1637 2242 XXV.
1683 2181 1723 2240 et¹
1739 2179 1878 2242 cessavit

430 2276 636 2362 episcopatus
659 2275 728 2340 dies
743 2275 780 2339 L.

480 2377 581 2444 solnm
596 2400 704 2461 popae
725 2399 837 2444 nomen
859 2379 1057 2462 dinnoscitur
1078 2382 1114 2445 tn
1137 2379 1315 2461 Veronensi,
1339 2383 1394 2447 nbi
1416 2383 1528 2449 deinde
1549 2390 1642 2449 vacat
1663 2385 1812 2466 spatium.

379 2480 480 2548 XGV.
504 2482 624 2547 Paulus
646 2483 731 2547 sedit
752 2504 824 2547 ann.
841 2482 890 2547 XI
913 2484 946 2547 in
969 2505 1052 2549 anno
1066 2483 1116 2548 XI
1139 2485 1279 2572 Pippino
1302 2507 1381 2573 rege
1403 2487 1579 2553 indictione
1594 2486 1669 2552 XV.

481 2586 581 2669 (solers
597 2607 705 2668 papae
726 2608 838 2652 nornen
860 2587 1055 2670 dignoscitur
1077 2589 1113 2653 in
1135 2587 1314 2669 Veronensi,
1337 2592 1395 2672 qut
1415 2591 1468 2656 bic
1489 2592 1595 2672 deficat
1616 2590 1774 2675 nontilns).

379 2689 501 2756 xuvl.
525 2689 753 2756 Constantinus
776 2690 861 2756 sedit
883 2713 968 2757 anno
991 2714 1064 2759 uno.

379 2792 516 2859 xuvn.
540 2793 726 2882 Stephanus
750 2796 834 2860 sedit
856 2817 928 2862 ann.
945 2797 997 2860 III
1019 2818 1120 2863 mens.
1137 2797 1168 2861 V
1192 2797 1262 2863 dies
1276 2798 1419 2864 XXVII.

376 2897 531 2964 XGVIII.
554 2899 716 2964 Adrianus
738 2900 823 2965 sedit
845 2922 916 2965 ann.
933 2900 1032 2966 XXV
1053 2922 1154 2967 mens.
1172 2902 1212 2967 V.

220 3002 304 3068 Tam
336 3008 431 3069 tenor
455 3003 525 3091 ipse
554 3004 666 3069 indicis
698 3026 794 3091 quam
822 3006 927 3091 spatia
956 3006 988 3070 in
1003 3004 1185 3071 Veronensi
1214 3006 1298 3071 libro
1322 3007 1367 3071 ita
1389 3009 1517 3090 relicta,
1536 2994 1576 3073 'ut
1599 3014 1758 3094 appareat
1780 3009 1879 3074 libra·

218 3109 303 3173 rium
328 3130 369 3174 es
391 3108 569 3174 destinasse
593 3110 787 3174 habentibus
810 3111 988 3195 pleniorem
1011 3111 1125 3175 horum
1148 3112 1373 3198 episcoporum
1397 3113 1543 3177 notitiam
1567 3112 1741 3199 explenda,
1767 3112 1878 3177 decla-

219 3217 296 3277 rant
318 3212 401 3277 haec
422 3234 486 3277 non
508 3213 666 3300 proficisci
689 3214 730 3278 ab
754 3214 932 3300 archetypo
957 3235 1008 3295 eo,
1025 3213 1111 3300 quod
1128 3216 1291 3300 epitomae
1308 3222 1421 3280 auctor
1442 3217 1475 3280 in
1497 3216 1725 3303 compendium
1741 3216 1878 3303 redegit,

220 3315 283 3382 sed
306 3314 435 3381 adiecta
459 3338 531 3383 esse
555 3317 685 3383 aliunde
709 3340 729 3382 a
751 3319 882 3383 librario
905 3319 1095 3405 posteriore.

333 3419 406 3484 Duo
432 3421 505 3486 libri
520 3421 719 3486 Veronensis
734 3422 773 3486 K
776 3422 790 3461 ²
814 3429 847 3487 et
870 3423 1033 3487 Parisinus
1048 3422 1088 3487 K
1093 3424 1104 3462 ¹
1127 3444 1199 3488 sese
1224 3425 1360 3510 explent
1381 3424 1519 3489 invicem
1542 3429 1577 3489 et
1599 3423 1790 3490 emendant:

426 3530 562 3612 t,1seq.
583 3524 802 3609 praefectorius
824 3525 977 3608 epistulas
998 3527 1090 3592 hebet
1105 3526 1160 3591 Κ2
1183 3526 1268 3592 solus

404 3631 483 3711 27‚s
504 3626 654 3716 fideliter]
670 3629 710 3695 K
717 3630 727 3669 ¹
750 3652 822 3694 cnm
844 3629 985 3712 reliquis,
1007 3630 1147 3695 fideliter
1168 3631 1295 3697 filiciter
1309 3630 1363 3695 11²

404 3735 482 3814 38,r
504 3731 623 3820 carius]
639 3734 678 3798 K
685 3735 694 3774 ¹
718 3756 790 3799 curn
812 3733 953 3815 reliqu-is,
976 3735 1101 3798 marino
1117 3734 1156 3797 K
1160 3733 1173 3772 ²

401 3839 454 3919 62,
469 3862 494 3902 rs
518 3844 649 3903 senene
673 3840 824 3925 martyris
847 3836 949 3926 agnis]
970 3838 1004 3900 K
1008 3840 1020 3879 ¹
1042 3860 1114 3904 cnm
1136 3839 1277 3921 reliquis,
1301 3845 1433 3904 sanctae
1456 3861 1497 3903 m.
1522 3838 1669 3903 iohannis
1689 3838 1740 3900 l<²

403 3944 481 4021 73,r
503 3940 663 4007 hostensis
686 3944 740 4030 qui
763 3950 930 4008 consecrat
954 3944 1142 4030 episcopum
1165 3965 1223 4010 om.
1239 3943 1279 4008 K
1282 3943 1295 3981 ²

403 4045 454 4128 84,
471 4071 483 4111 s
506 4067 526 4110 a
540 4044 681 4134 XLIIII]
705 4067 725 4111 a
741 4048 831 4112 xuiiii
846 4047 886 4111 K
890 4047 912 4129 ¹,
936 4047 1063 4112 ccxuiiii
1078 4046 1118 4112 K
1121 4046 1134 4086 ²

403 4151 454 4231 92,
471 4174 496 4214 ιι
518 4146 596 4236 alii]
611 4150 676 4233 K1,
700 4151 770 4215 cclii
787 4150 841 4213 K²

403 4256 456 4335 96,
472 4278 484 4318 r
507 4274 527 4318 a
541 4255 597 4339 lui]
612 4254 652 4320 K
656 4256 677 4336 ¹,
700 4255 782 4320 cclui
796 4254 834 4319 K
838 4254 852 4293 ²

387 4360 456 4439 139,
472 4382 484 4421 o
507 4358 593 4443 regis
616 4407 624 4422 .
642 4409 648 4422 .
666 4409 674 4423 .
692 4409 700 4425 .
723 4360 873 4424 catholici
895 4381 954 4424 om.
971 4360 1025 4424 K²

387 4465 457 4544 162,
474 4486 499 4526 ro
521 4463 668 4548 sepultus
691 4512 724 4529 ..
743 4511 750 4526 .
769 4514 777 4528 .
801 4465 1010 4528 secretarium
1033 4485 1092 4527 om.
1109 4463 1147 4528 K
1155 4464 1165 4502 ¹

388 4568 457 4649 197,
473 4591 499 4631 u
521 4565 652 4630 abstolli
677 4616 755 4633 ....
780 4568 919 4631 orarium
943 4588 1001 4632 om.
1017 4566 1057 4630 K
1063 4569 1072 4607 ¹

339 4667 411 4742 Quo
434 4674 581 4757 tempore
609 4677 643 4736 et
672 4691 735 4757 quo
763 4672 837 4736 loco
866 4672 985 4758 scripta
1007 4671 1049 4735 sit
1072 4671 1214 4758 epitome
1237 4669 1426 4734 Gononiana
1456 4671 1482 4734 si
1505 4669 1703 4755 quaerimus,
1728 4668 1883 4752 cogitavit

225 4772 388 4838 Waitaius
411 4776 519 4857 (nenos
533 4774 653 4840 Archiv
675 4779 705 4858 9,
722 4776 798 4857 461)
823 4775 863 4840 de
880 4774 986 4840 Gallia
1010 4782 1043 4840 et
1066 4774 1107 4840 de
1130 4796 1160 4838 a.
1179 4776 1239 4839 762
1263 4781 1439 4861 propterea
1455 4772 1542 4860 quod
1557 4770 1730 4836 adnotatur
1751 4772 1784 4836 in
1799 4771 1881 4836 libro

227 4877 376 4943 Parisino
399 4875 572 4944 deficiente
595 4879 657 4944 hoc
679 4880 751 4944 loco
768 4879 871 4944 altero
894 4877 936 4943 ad
951 4878 1102 4943 Paulum:
1126 4878 1163 4942 in
1184 4898 1269 4942 anno
1286 4877 1342 4942 XI
1363 4877 1499 4959 Prppino
1521 4898 1589 4960 repe
1612 4875 1783 4940 Indictionc
1800 4875 1836 4939 X
1842 4874 1884 4953 V;

225 4980 288 5049 sed
310 4987 481 5069 postquam
504 4983 707 5048 Duchesnius
730 4982 873 5048 ostendit
895 4983 1116 5047 chronicorum
1133 4981 1323 5067 scriptorum
1347 5002 1376 5045 a.
1394 4985 1452 5044 741
1480 4987 1646 5045 auctorem
1661 4980 1723 5044 hac
1739 4980 1883 5065 epitoma

224 5106 320 5151 usum
343 5106 432 5169 esse,
455 5088 605 5152 reicimur
631 5087 674 5151 ad
702 5087 861 5175 epocham
892 5087 1104 5168 anteriorem,
1133 5106 1328 5172 quemqnam
1356 5106 1420 5150 non
1448 5084 1549 5149 multo
1576 5084 1785 5150 vetustiorem
1810 5104 1881 5147 csse

225 5190 394 5278 epitomen
415 5190 585 5277 probabile
611 5198 669 5256 est.
714 5191 804 5256 Infra
827 5191 912 5256 enim
935 5191 991 5254 ubi
1014 5196 1128 5275 agetur
1152 5189 1192 5254 de
1221 5189 1295 5255 libri
1317 5189 1510 5276 pontificalis
1533 5186 1644 5253 ordine
1676 5188 1881 5272 interpolato,
2008 5276 2011 5281 ,

225 5294 477 5382 epitomatorem
501 5296 792 5361 demonstrabimus
814 5302 946 5384 praeter
960 5295 1131 5381 exemplar
1150 5296 1316 5382 pertinens
1339 5293 1382 5359 ad
1405 5294 1475 5358 eius
1498 5293 1717 5357 recensionem
1740 5291 1881 5376 priorem

226 5398 413 5465 adhibuisse
426 5400 564 5466 alterum
576 5402 763 5487 posterioris
778 5402 944 5487 pertinens
956 5397 999 5463 ad
1014 5399 1237 5463 recensionem
1249 5398 1488 5484 interpolatam,
1503 5416 1586 5482 quae
1599 5397 1653 5460 vix
1670 5393 1758 5458 credi
1774 5398 1883 5479 potest

226 5504 375 5570 extitisse
398 5511 474 5570 ante
497 5506 602 5591 prima
626 5505 782 5570 decennia
805 5505 926 5569 sacculi
949 5504 1065 5568 octavi
1097 5540 1138 5550 -
1168 5501 1223 5566 Ad
1252 5504 1357 5566 locum
1382 5501 1514 5587 originis
1537 5499 1624 5586 quod
1647 5498 1780 5578 attinet,
1804 5518 1880 5562 con-

226 5608 363 5673 tinuatio
387 5628 484 5695 supra
507 5606 595 5673 edita
618 5630 689 5672 cum
713 5609 909 5673 mentionem
933 5608 1031 5672 faciat
1053 5607 1134 5694 cycli
1157 5606 1336 5672 Victoriani
1360 5611 1393 5670 et
1414 5606 1502 5691 regis
1525 5603 1668 5691 Pippini,
1692 5622 1732 5666 ca
1756 5600 1882 5666 Gallica

228 5712 271 5776 sit
293 5730 427 5776 necesse
451 5717 501 5776 est
522 5710 717 5798 ducuntque,
741 5720 896 5800 utsupra
920 5711 1074 5794 diximus,
1098 5718 1131 5775 et
1153 5711 1287 5776 alterius
1308 5710 1382 5775 libri
1403 5709 1522 5775 indicis
1545 5713 1579 5774 et
1601 5707 1751 5772 chronica
1773 5727 1801 5771 a.
1820 5708 1879 5769 741

331 5846 407 5886 crare
423 5846 600 5887 scrumosus
617 5848 634 5886 ι.
1658 5828 1676 5878 k
