4658 6576
930 468 1215 528 Paouaaounun.
1807 480 1900 535 XXIX

244 639 288 719 (n.
305 638 503 725 XXXVIII)
533 640 662 705 omnino
691 645 882 727 propterea,
912 643 999 728 quod
1028 665 1102 709 eum
1130 644 1249 711 Indicis
1278 652 1390 712 auctor
1411 669 1476 714 non
1506 670 1563 736 pro
1592 652 1746 739 antipapa
1773 653 1899 735 habuit,

243 743 304 808 sed
325 765 383 830 pro
407 745 610 831 coepiscopo,
633 752 721 809 recte
737 746 770 809 ni
791 746 888 810 fallor
900 744 935 831 ¹).
973 746 1103 814 Scilicet
1125 755 1162 813 ut
1183 758 1292 815 narrat
1309 751 1506 817 Sozomenus
1531 755 1616 837 (hist.
1641 757 1718 821 eccl.
1743 763 1773 839 4,
1790 756 1900 843 ιι-ιι)

243 847 376 913 Liberio
408 849 561 934 episcopo
594 869 614 912 a
645 846 833 913 Constantio
864 851 897 912 in
926 852 1059 915 exilium
1092 852 1189 917 misso
1220 854 1356 918 vicarius
1387 855 1455 919 eius
1488 857 1591 921 factus
1622 865 1672 923 est
1701 860 1797 925 Felix
1829 861 1899 925 dia-

244 974 357 1019 conus:
388 951 506 1017 deinde
536 953 657 1038 populo
686 953 836 1017 Romano
869 961 1021 1039 rogante,
1050 962 1087 1020 ut
1115 956 1264 1022 Liberius
1297 959 1359 1023 sibi
1387 959 1595 1041 redderetur,
1625 969 1659 1026 et
1689 963 1900 1029 suadentibus

244 1058 404 1143 episcopis
423 1055 763 1157 scmiQngregaus
784 1057 963 1142 imperator
984 1060 1117 1125 Liberio
1140 1063 1296 1147 permisit,
1320 1068 1356 1126 ut
1377 1062 1516 1128 Romam
1538 1064 1660 1131 rediret
1683 1073 1716 1131 et
1737 1089 1803 1132 una
1826 1089 1899 1133 cum

243 1161 353 1226 Felice
384 1163 606 1248 episcopatum
631 1160 872 1225 administraret
895 1157 1075 1249 (γράφουσί
1096 1187 1133 1230 τε
1155 1163 1409 1248 προσδέξασθαι
1433 1150 1533 1233 αὐτὸν
1560 1164 1591 1234 oi
1615 1167 1649 1234 ἐν
1672 1167 1799 1258 Σιρμίῳ
1822 1168 1900 1236 ἐπί-

244 1289 367 1332 σκοποι
392 1259 512 1351 Φήλικι
534 1257 772 1352 τῷῖἡγοομένῳ
794 1260 869 1331 τότε
893 1267 954 1353 τῆς
971 1259 1144 1352 Ῥωμαίων
1166 1267 1339 1358 ἐκκλησίας
1361 1270 1418 1337 καὶ
1440 1273 1489 1360 τῷ
1511 1267 1633 1338 ἐνθάδε
1655 1269 1773 1362 κλήρῳ,
1797 1268 1900 1361 ἄμφω

243 1370 280 1437 δὲ
308 1366 365 1436 τὸν
392 1361 615 1434 ἇποστολικον
643 1362 874 1453 ἐπιτροπεύειν
899 1366 1022 1456 θρόνον
1052 1371 1108 1437 καὶ
1138 1375 1229 1462 κοινῇ
1260 1371 1419 1457 ἱερᾶσθαι
1449 1374 1528 1459 μεθ’
1556 1369 1737 1465 ὁμονοίας).
1782 1378 1899 1444 Paullo

244 1483 318 1563 post
351 1475 503 1539 defuncto
536 1473 647 1537 Felice
680 1472 830 1537 Liberius
867 1474 954 1539 solus
986 1477 1156 1563 episcopus
1190 1480 1345 1543 remansit
1376 1471 1499 1564 (ὀλίγον
1535 1479 1572 1545 δὲ
1607 1475 1720 1565 χρόνον
1756 1476 1901 1570 Φήλικος

244 1573 485 1663 ἕπιβαόσαιπος
506 1570 607 1659 μόνος
621 1574 783 1659 Λιβὲριος
803 1577 863 1664 τῆς
885 1574 1061 1664 ἐκκλησίας
1083 1578 1293 1667 προΐστατο).
1331 1581 1425 1647 Hanc
1440 1583 1615 1668 litigiorum
1631 1586 1899 1670 compositionem

245 1685 389 1771 sequitur
423 1683 492 1747 fere
520 1681 661 1745 namatio
691 1680 765 1744 libri
792 1680 1005 1765 Pontificalis,
1040 1684 1074 1746 in
1102 1685 1279 1749 minoribus
1309 1685 1360 1750 hic
1392 1686 1485 1772 plura
1516 1687 1725 1770 conturbans,
1760 1688 1819 1754 sed
1852 1690 1900 1754 rei

245 1809 402 1854 summam
425 1792 514 1851 recte
539 1786 708 1850 enuntians
731 1784 839 1850 verbis
868 1808 898 1871 p.
917 1791 967 1865 79,
982 1811 1010 1850 ιε
1037 1807 1143 1852 omncs
1172 1789 1279 1869 ianne
1306 1790 1388 1853 anni
1410 1789 1528 1854 Felicis
1557 1791 1592 1854 in
1622 1791 1720 1855 luins
1751 1792 1900 1879 (hiberii)

244 1894 354 1957 ordine
387 1892 642 1955 dinumerantur.
694 1886 845 1974 Sequitur
877 1890 1015 1955 eandem
1050 1892 1128 1955 item
1162 1893 1189 1956 is
1224 1894 1278 1977 qui
1306 1892 1448 1958 Iudicem
1479 1897 1674 1980 composuit,
1710 1896 1799 1961 cuius
1826 1905 1899 1962 octo

246 1996 447 2081 exemplaria
469 2015 512 2058 ex
534 2013 651 2057 novem
673 1990 775 2056 Felici
799 1993 937 2078 spatium
960 2001 1017 2058 aut
1038 1995 1160 2059 nullum
1185 1998 1230 2078 (n.
1258 2000 1284 2063 I.
1309 2000 1338 2061 3.
1360 2002 1388 2061 4.
1411 2003 1440 2061 5.
1463 2000 1493 2065 8.
1515 2001 1546 2081 9)
1571 2005 1627 2062 aut
1649 2020 1754 2085 paene
1778 2002 1900 2066 nullum

245 2105 290 2185 (n.
315 2105 341 2164 2.
366 2100 400 2184 6)
429 2097 632 2178 adscribunt,
662 2117 761 2160 unum
792 2098 895 2160 solum
922 2118 1128 2184 nequaquam
1162 2100 1330 2184 egregium
1354 2100 1399 2187 (n.
1418 2098 1451 2184 7)
1481 2103 1575 2167 solito
1606 2124 1697 2167 more
1727 2105 1899 2169 formatum

244 2206 382 2290 spatium
407 2202 551 2288 apponit.
578 2238 616 2247 -
639 2199 679 2263 In
706 2200 818 2284 spatiis
850 2199 1103 2267 determinandis
1126 2202 1245 2267 Indicis
1269 2204 1471 2289 exemplaria
1492 2207 1523 2268 in
1556 2205 1635 2270 duas
1660 2206 1899 2293 quodammodo

245 2309 382 2373 familias
405 2308 451 2371 ita
474 2304 653 2385 discedunt,
676 2309 712 2367 ut
735 2304 775 2368 ab
798 2325 862 2368 una
885 2312 977 2390 parte
1001 2312 1087 2370 stent
1111 2308 1313 2392 exemplaria
1335 2309 1516 2394 antiquiora
1539 2312 1681 2375 maxime
1711 2316 1736 2377 t.
1761 2315 1791 2376 2.
1816 2315 1845 2376 3.
1870 2318 1899 2393 4,

244 2413 286 2477 ab
321 2414 424 2477 altera
446 2409 628 2475 recentiora
644 2409 792 2472 maxime
817 2412 846 2473 7.
870 2412 899 2473 8.
925 2413 961 2488 9,
987 2431 1181 2496 quamquam
1204 2432 1268 2475 non
1292 2411 1408 2476 desunt
1430 2414 1492 2477 loci
1515 2434 1534 2477 a
1557 2416 1718 2479 communi
1741 2415 1802 2479 hac
1824 2416 1900 2501 Iege

244 2515 445 2581 recedentes.
490 2512 715 2598 Archetypum
740 2514 881 2577 omnium
907 2514 1052 2578 extitisse
1076 2517 1205 2580 saeculo
1230 2517 1343 2602 quinto
1373 2523 1514 2581 exeunte
1538 2518 1590 2582 vel
1614 2525 1702 2583 certe
1725 2520 1900 2605 incipiente

244 2628 338 2684 sexto
361 2619 436 2684 inde
460 2617 638 2703 colligitur,
662 2615 749 2701 quod
773 2637 815 2680 ex
839 2618 1081 2702 exemplaribus
1110 2621 1366 2705 antiquissimum
1389 2620 1475 2706 quod
1498 2619 1628 2685 videtur
1648 2622 1718 2687 finit
1739 2623 1772 2686 in
1795 2623 1900 2708 spatio

244 2723 399 2789 GelasiiI
422 2719 639 2806 (saa-496),
670 2721 731 2784 tria
755 2741 797 2784 ex
820 2721 933 2785 ordine
957 2728 1139 2808 temporum
1164 2725 1334 2808 sequentia
1355 2725 1388 2787 in
1411 2725 1516 2810 spatio
1540 2723 1735 2790 Hormisdae
1758 2724 1795 2810 (†
1811 2725 1901 2811 523),

245 2835 373 2893 sextum
396 2828 428 2891 in
451 2816 646 2890 IohanneII
669 2824 705 2909 (†
722 2823 811 2893 535).
856 2823 1049 2890 Laterculus
1077 2848 1139 2912 quo
1171 2834 1319 2914 tempore
1349 2828 1380 2891 in
1412 2828 1495 2892 hanc
1517 2827 1653 2892 formam
1683 2828 1833 2893 redactus
1860 2831 1902 2894 sit

244 2953 316 2997 curn
351 2930 559 2995 determinari
590 2928 775 3014 nequeat2),
810 2935 898 2993 certe
932 2929 1010 2994 nihil
1044 2931 1168 3014 obstat,
1204 2932 1373 3018 quominus
1406 2937 1569 2996 vetustate
1601 2932 1809 2998 Liberianum
1846 2942 1901 2998 aut

244 3041 365 3122 aequet
394 3041 450 3098 aut
479 3038 620 3119 superet.
666 3032 848 3097 Immunem
880 3053 954 3096 eum
983 3035 1139 3099 mansisse
1172 3057 1191 3099 a
1220 3035 1410 3120 corruptelis
1438 3034 1614 3100 Liberiano
1650 3039 1788 3123 propriis
1816 3037 1900 3102 infra

245 3139 464 3204 ostendemus.

345 3260 465 3325 Indicis
488 3259 689 3345 exemplaria
712 3265 786 3342 post
802 3256 1070 3323 Schelestrotium
1086 3257 1311 3323 Biancbinium
1327 3259 1513 3344 Vignolium
1529 3259 1675 3346 Lipsium
1693 3262 1773 3325 alios
1795 3281 1901 3347 nuper

243 3366 424 3450 composuit
440 3364 642 3428 Duehesnius
657 3363 733 3443 (vol.
756 3369 764 3426 1
792 3383 823 3447 p.
842 3363 985 3445 Iul—33)
1008 3384 1141 3428 numero
1158 3384 1274 3426 novem
1285 3362 1323 3448 ³),
1348 3364 1463 3449 quibus
1487 3363 1612 3428 decimo
1630 3364 1702 3428 loco
1719 3364 1901 3429 addidimus

242 3472 349 3557 spatia
372 3469 546 3553 fragmenti
568 3467 767 3531 Veronensis
790 3487 887 3552 supra
917 3489 947 3553 p.
969 3466 1018 3530 XI
1051 3466 1139 3531 edita
1162 3467 1385 3552 pervenientia
1408 3488 1427 3530 a
1450 3466 1644 3551 Symmacho
1676 3466 1718 3531 ad
1734 3466 1900 3553 Vigilium,

243 3574 415 3638 undecimo
440 3593 523 3658 quae
548 3571 695 3635 subiecta
718 3577 792 3633 sunt
815 3571 978 3655 epitomae
996 3570 1180 3635 Felicianae
1196 3570 1420 3655 pervenientia
1442 3590 1461 3633 a
1483 3568 1647 3634 Bonifatio
1664 3569 1711 3634 IV
1735 3570 1776 3633 ad
1800 3570 1899 3635 Pela·

244 3680 332 3763 gium
350 3676 392 3757 11,
417 3675 610 3739 duodecimo
635 3694 717 3758 quae
734 3674 938 3759 reperiuntur
953 3675 985 3737 in
1001 3675 1240 3738 continuatione
1257 3673 1474 3760 Prosperiana
1490 3672 1669 3738 Havnieusi
1686 3694 1705 3737 a
1721 3672 1830 3738 Felice
1847 3673 1899 3737 III

244 3782 285 3846 ad
314 3778 505 3845 Deusdedit.
553 3778 627 3863 lpse
656 3797 851 3863 quamquam
879 3777 947 3840 eius
975 3777 1103 3859 generis
1132 3776 1260 3841 codices
1294 3798 1358 3840 non
1385 3797 1505 3862 paucos
1539 3777 1644 3841 evolvi
1654 3777 1694 3862 ⁴),
1728 3779 1900 3862 plerosque

243 3885 417 3949 laterculos
432 3882 496 3946 vidi
520 3891 664 3967 sumptos
688 3901 760 3944 esse
783 3900 847 3944 non
870 3886 936 3942 tam
954 3899 996 3942 ex
1013 3878 1123 3942 Indice
1147 3900 1242 3963 quarn
1260 3900 1302 3943 ex
1326 3879 1408 3944 libro
1425 3880 1646 3965 Pontifieali5)
1670 3901 1775 3966 neque
1798 3881 1899 3945 ullum

349 4124 370 4189 ¹)
394 4125 510 4191 Exposui
528 4125 559 4174 de
577 4122 759 4174 controversiis
777 4122 817 4171 his
839 4122 866 4172 in
884 4122 1068 4173 commentario
1085 4121 1127 4173 die
1148 4121 1290 4174 romitcbcn
1309 4122 1431 4188 Bisclrdfe
1449 4121 1568 4173 Liberius
1584 4122 1641 4173 and
1659 4121 1736 4174 Felix
1755 4122 1792 4173 ΙῙ
1804 4124 1902 4175 inserto

243 4212 398 4280 ephemeridi
416 4209 533 4262 deuucbc
553 4208 700 4266 Zcitschrift
716 4209 762 4267 srlr
783 4205 1114 4272 Gcsclviclrtewiesenacbuft,
1130 4224 1194 4258 neae
1213 4207 1320 4273 Fulget
1337 4223 1362 4259 a.
1379 4203 1470 4273 1896)7
1490 4224 1514 4274 p.
1527 4205 1670 4259 167-179.
1773 4207 1794 4269 ²)
1812 4208 1902 4275 Light·

244 4299 339 4351 footius
360 4297 387 4362 (l.
400 4315 422 4350 c.
447 4315 470 4364 p.
483 4295 545 4363 311)
571 4295 679 4347 Leonini
698 4293 853 4345 vocabulum
876 4293 900 4342 ei
924 4293 1015 4343 tribuit
1039 4302 1173 4360 propterea
1195 4295 1263 4359 quod
1286 4295 1313 4345 in
1340 4294 1454 4360 paschali
1473 4294 1574 4345 (linensi
1602 4295 1697 4360 scripto
1719 4311 1742 4346 a.
1764 4291 1813 4345 447
1840 4295 1903 4345 haec

243 4387 368 4453 leguntur
386 4384 485 4449 (chron.
504 4384 565 4434 miu.
584 4382 633 4432 vol.
650 4381 663 4432 l
683 4399 707 4448 p.
720 4377 798 4442 50'l):
818 4379 877 4429 franc
895 4379 1038 4430 collectioni
1052 4380 1219 4445 paschalium
1237 4380 1339 4431 <lienem
1357 4399 1410 4431 non
1427 4380 1509 4432 solnm
1526 4380 1618 4432 scriem
1635 4380 1770 4431 coticulam
1782 4380 1902 4431 contexui·

243 4490 314 4535 maa,
341 4473 386 4523 secl
412 4472 488 4522 etiam
515 4486 598 4520 annot
625 4468 781 4533 apostolicae
808 4467 874 4517 aedis
899 4466 1040 4516 anismam
1067 4475 1092 4518 et
1114 4475 1209 4518 aetates
1231 4467 1305 4533 regni
1330 4467 1477 4533 principum
1499 4466 1678 4519 Rornanorum
1704 4466 1903 4533 diligentissima

244 4559 409 4611 admutionc
432 4557 598 4609 subdidimus.
635 4558 669 4607 At
690 4556 746 4606 eius
768 4555 870 4621 generis
897 4554 1000 4605 tabulas
1028 4560 1097 4606 certe
1120 4554 1179 4606 inde
1202 4555 1236 4605 ab
1260 4562 1344 4607 aetam
1368 4555 1585 4606 Constantiniana
1611 4553 1716 4619 publice
1744 4552 1901 4603 circumferri

244 4647 332 4698 solitas
354 4663 409 4698 esse
431 4662 490 4697 cnm
513 4644 630 4695 ostendat
652 4641 859 4707 chronographia
875 4640 1068 4699 Philocalinna‚
1092 4641 1173 4692 verba
1195 4642 1242 4692 illa
1268 4660 1319 4693 uon
1341 4641 1526 4703 determinant,
1550 4642 1625 4692 cuius
1648 4649 1757 4691 naturae
1782 4640 1859 4691 index
1881 4639 1904 4691 is

244 4735 276 4787 de
297 4750 349 4800 quo
367 4740 451 4799 agunt
467 4733 552 4783 fuerit.
641 4728 664 4792 ¹)
687 4729 824 4795 Catalogoa
848 4729 948 4793 aliquot
971 4729 1064 4779 aetads
1091 4729 1240 4780 recentioris
1263 4736 1379 4781 recenset
1396 4731 1516 4781 Maassen
1537 4726 1644 4790 Quelfen
1665 4725 1675 4777 1
1697 4743 1721 4793 p.
1734 4724 1793 4777 tat.
1829 4728 1903 4778 Com·

244 4820 379 4888 pilationes
397 4819 549 4885 indigestae,
567 4833 636 4883 quas
653 4823 801 4883 proponunt
819 4815 928 4867 editores
941 4816 1114 4867 Solesmenses
1128 4815 1250 4881 (oripinea
1262 4815 1294 4867 de
1313 4815 1407 4881 l’eqliee
1419 4814 1546 4866 Βαναίαν
1561 4831 1614 4879 por
1632 4814 1669 4863 lea
1685 4814 1808 4864 cumbrae
1826 4812 1858 4864 dc
1876 4813 1905 4863 lc

244 4907 403 4958 commision
425 4905 457 4957 de
482 4904 609 4956 Soleemee
626 4902 705 4954 vell
725 4904 831 4954 Parisiis
850 4900 917 4954 1886
941 4919 965 4969 p.
980 4901 1110 4969 I—CXII)
1133 4913 1159 4954 et
1181 4903 1254 4953 Pitra
1278 4901 1406 4967 (analecta
1424 4901 1564 4954 novissima
1582 4900 1708 4967 spicilegii
1727 4900 1903 4962 Solesmensis‚

244 4994 327 5046 altera
344 4993 505 5045 continuatio
522 4998 582 5043 tom.
602 4993 613 5041 I
631 5008 654 5042 a.
668 4987 735 5042 1885
754 5007 778 5056 p.
791 4986 941 5051 ato-334)
960 4989 1098 5040 utilitatem
1116 5006 1167 5039 nou
1187 4989 1291 5040 habeut
1381 4988 1402 5055 ⁴)
1422 4991 1490 5039 Inter
1508 4988 1588 5039 libros
1606 5003 1670 5051 quos
1689 5003 1738 5052 ego
1756 4985 1903 5037 examinavi

244 5097 313 5131 unus
326 5080 490 5131 Monacensis
504 5076 588 5130 14732
606 5074 678 5142 (olim
691 5076 716 5127 S.
730 5075 884 5127 Emmarami
903 5078 927 5126 G
941 5072 1003 5137 117)
1020 5090 1087 5125 saec.
1101 5075 1159 5133 XII,
1177 5075 1270 5125 finiens
1288 5075 1315 5125 in
1329 5075 1445 5125 Iohanne
1456 5075 1494 5124 III
1513 5073 1542 5136 (†
1553 5071 1615 5133 574)
1634 5073 1749 5133 mutilus,
1769 5089 1820 5123 uon
1838 5072 1905 5122 redit

244 5166 276 5216 ad
293 5167 388 5217 librum
406 5165 591 5233 pondiicalem,
618 5180 677 5215 cunr
701 5165 803 5213 omittat
822 5162 976 5213 Anaclotum
993 5170 1020 5213 et
1037 5163 1150 5213 adunisse
1167 5162 1321 5214 Marcellino
1338 5162 1504 5224 Marcellum,
1527 5162 1571 5212 sed
1589 5162 1621 5211 ad
1640 5161 1761 5212 IndIcem.
1797 5160 1904 5211 Numeri

244 5261 339 5313 tamen,
357 5269 422 5318 quos
440 5252 552 5312 enotavi,
571 5268 586 5302 a
603 5252 703 5302 metatis
715 5251 809 5301 nocuis
828 5267 879 5300 non
892 5250 1015 5301 recedunt
1027 5249 1077 5299 nisi
1094 5250 1190 5315 apertis
1201 5249 1354 5315 corruptelis
1373 5250 1447 5311 (casu
1466 5249 1557 5315 opinor
1568 5248 1615 5298 Pio
1633 5247 1785 5298 tribuuntur
1802 5247 1827 5297 d.
1840 5246 1903 5296 XXI

244 5356 302 5390 cum
320 5339 440 5405 catalogo
457 5336 614 5401 Liberiano),
634 5352 681 5388 nec
697 5337 792 5403 dignus
810 5337 882 5386 visus
900 5346 940 5386 est
957 5335 1022 5386 liber
1040 5351 1141 5400 recens,
1168 5351 1244 5401 quem
1266 5337 1292 5387 in
1311 5336 1381 5387 hunc
1399 5336 1513 5387 ordinem
1538 5336 1667 5386 referrem.
1741 5331 1763 5398 ⁸)
1782 5332 1903 5398 Catulogi

244 5425 351 5476 derivati
386 5440 419 5475 ex
436 5424 584 5476 Pontificali
606 5440 665 5475 cum
684 5425 836 5490 plerumque
855 5430 955 5474 textum
978 5423 1100 5474 claudum
1119 5423 1254 5475 meliorum
1273 5432 1422 5489 sequantur,
1446 5424 1614 5474 inveniuntur
1639 5422 1699 5472 item
1722 5420 1871 5471 recedentes
1889 5438 1906 5471 a

244 5512 357 5562 numeris
382 5510 535 5577 vulgaribus
558 5517 584 5562 et
606 5511 746 5577 pendentes
768 5528 783 5561 a
805 5510 888 5561 classe
913 5510 997 5562 tertia.
1033 5511 1074 5560 Ita
1095 5509 1231 5575 catalogus
1253 5510 1313 5561 libri
1331 5511 1488 5562 Huvnieusis
1508 5506 1576 5559 1582
1597 5508 1690 5558 finiens
1708 5507 1735 5557 in
1754 5505 1861 5558 Nicolao
1880 5508 1905 5557 Il

244 5598 274 5662 (†
292 5596 370 5661 1061)
393 5597 470 5649 habet
491 5598 575 5663 spatia
596 5597 672 5648 haece
698 5597 828 5648 Anterotis
854 5597 909 5663 (qui
931 5598 1085 5649 Pontianum
1109 5596 1249 5662 praecedit)
1272 5596 1333 5647 XII.
1350 5597 1371 5646 1.
1389 5597 1439 5646 XII
1457 5591 1528 5658 (cum
1547 5591 1712 5659 vulgaribus)
1731 5621 1765 5631 -
1783 5594 1905 5645 PoutIani

244 5687 274 5736 V.
288 5686 359 5737 11.11
376 5683 441 5750 (fere
459 5694 489 5737 nt
505 5685 538 5737 cl.
552 5686 600 5747 III)
619 5711 653 5720 -
670 5684 787 5737 Marcelli
801 5685 831 5734 V.
845 5685 901 5735 VII.
914 5686 976 5736 XXI
995 5684 1067 5751 (cum
1087 5684 1170 5749 vulg.)
1189 5712 1223 5721 —-
1240 5684 1345 5735 Iiusebii
1365 5686 1396 5733 II.
1412 5685 1444 5734 II.
1457 5682 1530 5733 XXV
1549 5680 1619 5743 (cum
1638 5679 1671 5730 cl.
1684 5680 1733 5740 III)
1752 5704 1787 5714 -
1804 5679 1906 5745 Pelagii

245 5772 319 5840 primi
336 5775 382 5824 XI.
395 5773 428 5824 X.
441 5772 528 5822 XVIII
553 5769 624 5838 (cum
645 5770 816 5838 vulgaribus).
852 5771 974 5822 Similiter
997 5772 1081 5824 editus
1106 5787 1188 5836 nuper
1212 5770 1385 5836 (spicilegium
1407 5769 1494 5819 thuin.
1512 5764 1600 5818 tom.l
1623 5761 1730 5816 ικ1888
1753 5781 1778 5831 p.
1794 5762 1847 5815 419
1871 5766 1905 5825 cf,
