4658 6576
417 436 480 497 250

705 601 931 659 FELIOIANA

460 728 600 774 xxxvnn.
624 707 788 791 Dnunsvs,
817 711 948 775 natione
971 709 1151 797 Hispanus,
1175 730 1218 775 ex

417 817 512 896 patre
535 810 693 894 Antonio,
717 812 803 878 sedit
824 836 896 879 ann.
913 815 1029 880 XVIII
1050 836 1151 880 mens.
1167 814 1217 880 lll

416 913 487 979 dies
510 914 569 979 XI.
614 915 691 980 Fuit
713 918 913 1003 temporibus
937 918 1062 983 Iuliani.

416 1361 509 1428 Fecit
536 1363 685 1427 basilicas
708 1362 759 1445 Il,
787 1383 851 1426 una
883 1362 924 1426 ad
957 1363 1009 1427 via
1037 1361 1215 1445 Ardiatina,

414 1466 469 1530 ubi
492 1467 675 1553 requiescit.

415 1585 477 1650 llic
515 1594 685 1652 accusatur
721 1587 754 1651 in
793 1588 925 1652 crimine
962 1586 1003 1653 de
1041 1588 1215 1661 adulterim

416 1690 502 1754 facto
530 1690 644 1756 sinodo
673 1691 860 1777 purificatur
887 1691 1060 1757 aXLIlll
1090 1691 1215 1776 episco-

413 1794 482 1878 pis;
507 1793 742 1859 damnaverunt
759 1793 939 1858 Concordio
958 1801 992 1859 et
1007 1794 1128 1858 Calisto
1146 1793 1214 1857 dia·

416 1915 514 1959 conos
543 1904 747 1961 accusatores
785 1905 818 1961 ct
854 1899 1055 1964 iactavcrunt
1088 1895 1130 1960 dc
1162 1918 1214 1961 ec-

415 1999 525 2067 clesia.
570 2000 633 2066 IIic
656 2002 733 2066 fecit
756 2001 973 2065 ordinationes
988 2002 1020 2065 V

412 2140 473 2205 per
494 2142 595 2187 mens.
619 2122 789 2204 Decemb.,

412 2242 520 2327 presb.
537 2242 663 2326 XXXI,
688 2243 772 2307 diac.
788 2242 849 2324 XI,
873 2244 1043 2329 episcopos
1062 2262 1121 2328 per
1143 2242 1216 2305 loca

411 2344 500 2409 LXI.

413 2464 566 2551 Sepultus
590 2473 640 2531 cst

411 2705 443 2769 iu
466 2705 599 2771 basilica
621 2727 680 2770 sua
702 2707 753 2771 Ill
776 2706 820 2771 id.
843 2707 1000 2771 Decemb.

413 2845 485 2889 curn
509 2832 613 2891 matre
636 2847 695 2891 sua
718 2833 751 2891 ct
774 2848 939 2912 germana.

412 2944 561 3011 Cessavit
583 2949 789 3034 episcopatus
813 2948 882 3013 dies
904 2947 1062 3012 XXXVI.

461 3156 510 3199 xc.
534 3134 673 3217 Srnrcvs,
697 3139 829 3203 natione
852 3138 1034 3220 Romanus,
1058 3157 1102 3200 ex
1123 3144 1216 3224 patre

418 3238 574 3321 Tiburtia,
598 3239 682 3305 sedit
705 3263 756 3308 an.
772 3242 836 3306 XV

418 3358 487 3424 dies
508 3359 615 3425 XXV.

417 3479 480 3544 Ilic
503 3481 708 3544 constitutum
731 3480 808 3545 fecit
832 3482 872 3547 de
897 3485 1035 3549 ecclesia
1051 3489 1085 3548 et
1100 3483 1217 3547 direxit

417 3603 475 3669 per
496 3586 686 3669 provincias.
742 3582 930 3667 Constituit,
953 3595 989 3651 ut
1012 3590 1079 3652 sine
1103 3609 1215 3653 conse-

417 3694 504 3752 crato
530 3689 674 3775 episcopi
696 3688 757 3752 loci
779 3691 949 3755 cuiuslibet
970 3693 1131 3777 presbiter
1153 3712 1217 3755 non

417 3791 519 3855 licerit
549 3792 740 3857 consacrari.
792 3794 857 3857 IIic
887 3797 1050 3861 constituit
1073 3797 1215 3862 heretico

416 3895 475 3959 sub
505 3916 619 3960 manus
652 3895 845 3980 inpositione
874 3900 1094 3967 reconciliare.
1152 3900 1216 3965 Hic

416 3999 493 4062 fecit
523 3998 742 4063 ordinationes
764 3998 805 4080 V,
836 4002 944 4086 presb.
968 4002 1099 4084 XXXI,
1134 4002 1215 4069 diac.

415 4101 507 4185 XVI,
532 4105 702 4188 episcopos
730 4124 789 4187 per
811 4105 883 4169 loca
905 4105 1048 4172 XXXII.
1099 4106 1213 4193 Sepul-

415 4210 467 4268 tus
490 4211 540 4269 est
560 4207 593 4269 in
617 4207 773 4292 cymitirio
797 4207 952 4291 Priscilla,

415 4325 468 4388 via
490 4324 625 4408 Salaria,

415 4443 498 4508 VIII
525 4446 568 4509 kl.
591 4446 685 4511 Mart.
738 4447 885 4514 Ocssarit
913 4450 1119 4536 episcopatus
1147 4452 1215 4516 dies

414 4546 491 4612 XX.

461 4719 758 4805 ru1.AnnsrnsrrS,
792 4725 923 4789 natione
955 4725 1136 4803 Romanus,
1172 4748 1214 4792 ox

414 4830 507 4908 patre
531 4823 686 4908 Maximo,
710 4826 795 4890 sedit
816 4849 888 4893 ann.
906 4829 958 4893 IH
983 4830 1051 4895 dies
1066 4832 1108 4897 X.
1150 4831 1213 4896 IIic

415 4928 593 5011 constituit,
618 4930 905 5018 quotienscumque
937 4936 1108 5020 euangelia
1132 4936 1213 4999 reci-

414 5036 532 5111 tantur,
555 5032 741 5097 sacerdotes
763 5055 828 5099 non
850 5036 1012 5104 sederent.

413 5563 476 5628 Ilio
499 5565 577 5629 fecit
605 5567 824 5633 ordinationes
847 5571 898 5653 H,
932 5574 1040 5659 presb.
1054 5573 1096 5656 V,
1131 5574 1212 5641 diac.

414 5666 454 5749 V,
471 5669 641 5755 episcopos
663 5693 722 5758 per
738 5674 811 5737 loca
826 5673 884 5737 XI.
923 5673 1076 5760 Sepultus
1099 5686 1149 5743 est
1172 5678 1213 5743 ad

1135 430 1349 485 EPITOMAE

1552 600 1790 657 OONONIANA

1313 726 1452 771 xxxvnn.
1481 706 1645 790 Daunsvs,
1681 708 1812 772 natione
1848 706 1990 795 Specus,
2026 728 2070 772 ex

1270 816 1363 895 patre
1386 809 1545 892 Antonio,
1575 810 1661 875 sedit
1682 831 1733 876 au.
1750 810 1868 875 XVIII
1894 831 1995 875 mens.
2017 810 2070 876 III

1270 912 1339 977 dics
1362 913 1422 979 XI.
1476 912 1551 977 Fuit
1580 919 1690 978 autem
1718 914 1920 1001 temporibus
1941 913 2068 979 Iuliani.

1269 1032 1332 1098 Hic
1364 1033 1527 1099 dedicavit
1559 1034 1739 1121 platomum
1776 1035 1810 1098 in
1847 1032 2068 1117 Catatumbas,

1269 1137 1325 1201 ubi
1363 1158 1498 1225 corpora
1531 1137 1620 1202 Petri
1653 1144 1687 1202 et
1721 1137 1813 1202 Pauli
1847 1139 2068 1223 apostolorum

1269 1242 1446 1322 iacuerunt,
1470 1261 1566 1327 quam
1590 1246 1624 1304 et
1646 1241 1793 1306 versibus
1816 1242 1951 1308 ornarit.

1271 1583 1332 1647 Hic
1356 1584 1542 1648 criminatur
1557 1582 1598 1649 de
1615 1583 1776 1649 adulterio
1793 1591 1827 1651 et
1842 1587 1927 1651 lacto
1946 1589 2070 1676 synodo

1269 1692 1426 1771 purgatur
1459 1708 1480 1751 a
1514 1687 1649 1752 XVIIII
1682 1689 1858 1776 episcopis,
1887 1693 1940 1778 qui
1971 1694 2070 1758 etiam

1269 1788 1505 1854 damnaverunt
1521 1788 1737 1856 concordium
1760 1798 1794 1857 et
1817 1791 1976 1861 Calistum
2000 1795 2069 1862 dia-

1270 1915 1368 1957 conus
1404 1900 1608 1958 accusatores
1642 1901 1675 1959 et
1708 1897 1909 1961 iactavcrunt
1939 1897 1981 1963 de
2015 1920 2069 1964 ec·

1268 1997 1359 2064 lesia.
1405 1997 1467 2061 llic
1490 2000 1567 2063 fecit
1590 1998 1808 2064 ordinationes
1830 2000 1872 2082 V,

1268 2238 1374 2323 presb.
1391 2237 1518 2320 XXXI,
1543 2237 1624 2305 diac.
1639 2240 1698 2323 XI,
1722 2242 1892 2328 episcopos
1915 2242 2003 2307 XLI.

1269 2462 1331 2536 Qui
1355 2463 1452 2526 etiam
1476 2464 1621 2549 sepultus
1646 2469 1695 2528 est

1268 2583 1321 2645 via
1342 2582 1498 2666 Ardiana,

1269 2705 1300 2766 in
1315 2703 1459 2786 basilica,
1476 2725 1573 2790 quarn
1592 2706 1662 2790 ipse
1680 2706 1765 2789 fecit,
1782 2706 1835 2771 III
1850 2707 1892 2773 id.
1909 2707 2067 2775 Decemb.

1270 2943 1417 3009 Oessavit
1439 2946 1645 3032 episcopatus
1670 2946 1739 3011 dies
1761 2947 1887 3014 XXVI.

1313 3154 1362 3199 xr..
1386 3134 1527 3217 Srnrcvs,
1550 3136 1681 3200 natione
1703 3136 1886 3223 Romanus,
1910 3162 1952 3206 ex
1974 3149 2068 3229 patre

1271 3236 1428 3320 Tiburtia,
1451 3238 1535 3303 sedit
1557 3261 1608 3303 an.
1624 3239 1698 3307 XV.

1269 3478 1332 3545 Hic
1348 3481 1554 3545 constitutum
1570 3482 1647 3546 fecit
1670 3480 1711 3545 de
1736 3484 1873 3548 ecclesia
1896 3492 1930 3550 et
1952 3486 2071 3553 direxit

1270 3603 1328 3668 per
1343 3585 1532 3668 provincias.
1568 3585 1612 3648 Et
1627 3587 1800 3666 constituit,
1815 3594 1851 3651 ut
1871 3590 1939 3655 sine
1955 3612 2070 3657 conse·

1270 3693 1392 3751 oratum
1422 3689 1565 3773 episcopi
1591 3689 1662 3753 loco
1692 3691 1861 3756 cuiuslibet
1889 3695 2069 3778 presbitero

1269 3811 1333 3854 non
1344 3792 1457 3855 liceret
1469 3811 1668 3857 consecrare.
1698 3793 2067 3867 Hicconstituithereti-

1269 3914 1341 3958 curn
1357 3895 1416 3959 sub
1432 3916 1530 3959 manu
1549 3896 1743 3982 inpositione
1760 3903 1966 3969 reconciliari.
2004 3904 2068 3971 Hic

1269 3996 1346 4061 fecit
1377 3997 1595 4063 ordinationes
1617 3999 1658 4082 V,
1695 4003 1803 4087 presb.
1825 4004 1957 4090 XXXI,
1987 4007 2068 4074 diac.

1268 4099 1359 4181 XVI,
1383 4103 1554 4188 episcopos
1569 4103 1713 4169 XXXII.
1753 4107 1815 4181 Qui
1838 4109 1937 4174 etiam
1957 4112 2067 4197 sepul-

1268 4208 1319 4267 tus
1342 4211 1391 4269 est
1414 4206 1446 4269 in
1469 4207 1626 4271 cimiterio
1648 4207 1795 4275 Priscilla

1267 4444 1349 4611 ff
1365 4445 1396 4510 k.
1413 4446 1509 4513 Mart.
1554 4447 1597 4510 Et
1613 4451 1752 4515 cessavit
1772 4452 1976 4541 episcopatus
1998 4454 2070 4521 dies

1309 4739 1369 4784 rur.
1392 4718 1595 4806 AnnsrnerS,
1619 4726 1750 4792 natione
1773 4727 1949 4814 Romanus,
1972 4738 2066 4818 patre

1267 4820 1409 4886 Maximo
1444 4824 1529 4888 sedit
1562 4846 1613 4890 au.
1629 4828 1681 4892 III
1713 4831 1781 4896 dies
1804 4832 1946 4899 XXVII.
2001 4834 2068 4901 Hic

1267 4926 1444 5007 constituit,
1482 4934 1530 5009 ut,
1566 4950 1637 4994 curn
1673 4937 1844 5021 euangelia
1881 4939 2067 5015 recitantur,

1267 5029 1454 5094 sacerdotes
1476 5053 1540 5096 non
1563 5034 1724 5119 sederent,

1266 5148 1324 5213 scd
1356 5152 1443 5215 curvi
1470 5159 1609 5229 starent;
1632 5162 1666 5219 et
1689 5160 1861 5243 constituit,
1884 5167 1921 5226 ut
1943 5162 2066 5229 nullum

1266 5252 1419 5317 clericum
1442 5260 1689 5324 transmarinum
1712 5264 1840 5349 suscipi,
1863 5266 1923 5331 nisi
1947 5266 1979 5331 V
1994 5269 2066 5354 cpi·

1266 5376 1438 5441 scoparum
1461 5358 1649 5445 designaret
1671 5366 1907 5452 cirographum,
1931 5378 2066 5457 propter

1266 5458 1465 5529 Manichsos.

1265 5578 1329 5644 IIic
1367 5581 1445 5647 fecit
1481 5584 1699 5654 ordinationes
1729 5590 1778 5674 lI,
1820 5595 1927 5679 presb.
1955 5596 2065 5681 VIIII,

1267 5681 1349 5749 diac.
1365 5684 1406 5767 V,
1430 5688 1601 5775 episcopos
1615 5692 1676 5757 XI.
1723 5695 1939 5787 Sepultusque
1955 5700 2067 5767 estad
