4658 6576
330 450 420 507 LXIV
1027 449 1316 507 PROLFGOIIENA.

331 623 385 714 [Β]
409 625 452 691 ad
474 632 620 691 sanctum
643 625 781 691 Paulum
1160 622 1218 713 [Κ]
1241 626 1275 690 in
1297 625 1371 704 (ccc.
1388 624 1436 708 Ε)
1458 626 1595 691 miliario
1611 625 1661 690 VI
1681 624 1736 689 via
1756 622 1963 689 Numentana

479 729 518 795 L.
540 730 637 795 Felix
660 727 731 817 [[Π]
1252 727 1463 809 (nomentana
1478 729 1525 814 P)

1267 831 1342 897 VII.
1368 830 1415 919 (ui
1429 833 1477 912 E)
1500 831 1693 897 Alexander

331 917 387 1006 [Ε]
412 919 454 983 ad
477 925 622 984 sanctum
646 919 861 984 Laurencium
1219 935 1347 1000 xvffl,
1372 937 1476 1019 (xuffii
1491 935 1558 1022 En)
1581 936 1732 1001 Urbanus

394 1022 516 1088 XLIH.
541 1024 687 1088 Zosimus
710 1023 911 1110 (zcsosomua
929 1022 977 1110 P)
1163 1054 1213 1145 [L]
1236 1058 1288 1121 via
1311 1058 1445 1122 Aurelia

395 1125 516 1191 XLVI·
541 1128 662 1247 syxtus
686 1128 801 1211 (sixtus
817 1125 862 1211 P)
888 1124 958 1215 [nu]
1203 1159 1345 1226 xxvn.
1369 1161 1450 1240 (susi
1464 1160 1514 1244 n)
1536 1160 1632 1226 uem
1655 1158 1691 1249 [ι]

361 1229 516 1295 XLVIII·
542 1232 673 1297 Hllafflfl
1222 1261 1346 1328 XXVI.
1370 1264 1534 1329 Dionisius

332 1417 388 1507 [F]
412 1419 445 1483 in
468 1408 569 1505 cymi-t
591 1419 748 1506 Calopodi
770 1421 825 1484 nia
847 1420 981 1486 Aurelia
1237 1365 1346 1431 XXII
1369 1367 1540 1504 ἒοῐῃθὲυῧ
1703 1491 1710 1505 ι
1883 1485 1890 1501 .

408 1522 519 1589 XVII,
543 1524 684 1589 calistus
1165 1485 1231 1574 [Μ]
1253 1508 1286 1553 rn
1309 1496 1398 1553 crmrt
1420 1488 1506 1575 (cym
1525 1487 1577 1574 E)
1600 1510 1658 1554 auo
1680 1511 1734 1554 vra
1756 1485 1936 1552 Ardeatrna

359 1626 518 1692 XXXVI.
544 1627 637 1714 (xxui
661 1627 797 1692 Roscius
818 1626 894 1712 err.)
917 1628 1019 1693 Iullus
1206 1590 1499 1761 xgssatfissus

335 1815 388 1905 [G]
413 1817 456 1882 ad
480 1824 623 1883 sanctam
646 1816 851 1882 Felicitatem
875 1817 927 1880 via
951 1816 1078 1882 Salaria
1166 1812 1222 1902 [Ν]
1245 1816 1278 1881 in
1300 1803 1390 1882 cimff
1411 1805 1498 1904 (sym
1514 1817 1563 1903 Ε)
1587 1840 1644 1882 suo
1666 1818 1720 1881 via
1741 1815 1875 1880 Portum

343 1922 517 1987 XXXVII.
541 1921 690 1986 Liberius
1205 1919 1398 1985 XXXVIII.
1420 1921 1516 1986 Felix
1539 1920 1592 2010 [ΙΙ]

400 2026 521 2090 XLIH.
544 2024 727 2089 B⁰ssif³li¹¹⁸
750 2023 883 2111 Ι·Ιὸοἰηῦ
899 2022 946 2108 Ρ)
971 2020 1007 2111 ΙῙΙ
1166 2053 1214 2143 [0]
1237 2045 1469 2145 incimit(cym
1479 2058 1530 2146 Ε)
1548 2080 1605 2124 suo
1622 2060 1675 2123 via
1693 2057 1780 2124 Arde
1801 2058 1859 2138 (stc
1871 2056 1915 2139 E,
1939 2076 1990 2119 ar-

615 2214 621 2228 .
1251 2159 1348 2226 deata
1364 2161 1409 2245 P)

334 2209 394 2299 [H]
418 2213 570 2382 agLIIJrSK
590 2214 715 2330 Pllestlu
737 2216 864 2299 P⁰¹'tum
1187 2263 1398 2331 XXXVIIII.
1422 2266 1584 2331 Damasus
1607 2265 1790 2352 (damascus
1805 2264 1859 2350 Ε)

511 2368 517 2381 .
573 2321 732 2381 nastasrns
755 2312 791 2403 [Ι]

412 2423 519 2487 XLII.
541 2421 750 2485 Innocentius
773 2416 809 2507 [Ι]
1166 2382 1211 2471 ΙΡ
1211 2382 1221 2472 Ι
1243 2385 1278 2450 5¹¹
1299 2386 1432 2507 Pontias
1480 2491 1487 2505 ι

1278 2489 1348 2554 LX
1372 2489 1528 2556 Silvanus

336 2608 381 2699 [Ι]
404 2611 437 2675 in
460 2611 560 2674 Portu
583 2610 699 2696 (pontu
714 2607 765 2690 Ε)
787 2609 821 2673 in
843 2608 924 2672 mari
1166 2606 1214 2696 [Q]
1237 2611 1270 2674 in
1293 2610 1460 2676 Acersona

442 2713 520 2778 1111.
545 2712 697 2778 Clemens
721 2709 756 2800 [Ι]
1219 2712 1391 2780 LXXVII.
1415 2714 1573 2780 Martinus
1596 2712 1632 2802 [Ι]

444 2885 631 2972 Sequuntur
653 2883 716 2949 loci
740 2882 978 2970 depositionum
1001 2885 1226 2974 episcoporum
1251 2888 1396 2973 excerpti
1419 2907 1463 2953 ex
1484 2888 1567 2953 libro
1590 2886 1779 2953 Pontifioali.

496 3006 523 3072 I.
547 3006 678 3069 Petrus:
703 3005 756 3069 via
770 3005 904 3070 Aurelia
925 3006 957 3069 in
972 3007 1130 3092 templum
1142 3006 1303 3094 Apollinis
1325 3009 1417 3072 iuxta
1439 3009 1546 3073 locum
1569 3008 1625 3074 ubi
1645 3007 1815 3073 crucifixus
1838 3013 1888 3073 est
1903 3008 1995 3071 iuxta

543 3109 701 3196 palatium
726 3108 947 3174 Neronianum
970 3111 1004 3175 in
1018 3111 1178 3177 Vaticano
1200 3114 1293 3178 iuxta
1315 3114 1511 3178 territorium
1535 3111 1772 3200 triumphalem.

475 3214 518 3279 Π.
543 3214 659 3278 Linus:
683 3214 775 3279 iuxta
798 3234 914 3301 corpus
936 3214 1028 3280 beati
1048 3215 1138 3281 Petri
1161 3218 1195 3281 in
1210 3217 1380 3283 Vaticano.

458 3318 519 3384 III.
544 3317 670 3383 Cletus:
694 3319 787 3383 iuxta
809 3339 925 3405 corpus
949 3319 996 3403 (in
1016 3319 1151 3385 basilica
1165 3321 1218 3403 K)
1242 3322 1332 3387 beati
1355 3321 1444 3387 Petri
1465 3322 1498 3385 in
1513 3320 1683 3386 Vaticano.

459 3422 519 3488 IV.
543 3419 711 3488 Clemens:
735 3425 768 3488 in
790 3422 954 3490 Grecias„

478 3525 521 3592 V.
543 3524 736 3592 Anecletus:
760 3528 852 3592 iuxta
875 3548 992 3614 corpus
1014 3528 1105 3593 beati
1127 3527 1229 3594 Petri.

462 3630 519 3696 VI.
543 3628 727 3695 Euaristus:
752 3631 843 3696 iuxta
867 3652 982 3717 corpus
1004 3631 1095 3697 beati
1120 3632 1210 3698 Petri
1232 3634 1265 3697 in
1280 3633 1451 3701 Vaticano.

444 3735 518 3800 VH.
544 3733 749 3800 Alexander:
773 3736 826 3800 via
848 3735 1055 3801 Nomentana
1077 3737 1133 3802 ubi
1156 3736 1335 3802 decollatus
1357 3743 1408 3802 est
1430 3738 1472 3803 ab
1496 3737 1578 3802 urbe
1601 3736 1709 3802 Roma
1730 3734 1798 3799 mil.
1816 3731 1890 3798 VII.

429 3838 522 3903 VIII.
546 3838 669 3924 Xystus
691 3839 723 3903 I:
747 3838 839 3903 iuxta
861 3859 977 3924 corpus
999 3838 1089 3905 besti
1113 3840 1202 3904 Petri
1224 3841 1257 3905 in
1272 3841 1443 3907 Vaticano.

464 3941 523 4006 [X.
548 3941 744 4028 Telesphor:
768 3943 860 4006 iuxta
883 3963 999 4028 corpus
1021 3943 1111 4009 beati
1133 3943 1225 4008 Petri
1247 3944 1280 4007 iu
1295 3943 1466 4010 Vaticano.

479 4044 521 4110 X.
545 4044 710 4131 Hyginus:
734 4046 826 4110 iuxta
849 4066 965 4131 corpus
986 4046 1077 4112 beati
1099 4045 1190 4112 Petri
1212 4048 1246 4111 in
1261 4046 1432 4115 Vaticano.

464 4147 523 4213 XI.
548 4149 642 4212 Pius:
665 4150 757 4212 iuxta
780 4169 897 4234 corpus
917 4148 1009 4216 beati
1031 4150 1122 4217 Petri
1143 4151 1177 4215 in
1192 4150 1362 4215 Vaticano.

446 4251 523 4316 XII.
548 4250 720 4316 Anicetus:
745 4253 836 4316 iuxta
859 4272 975 4340 corpus
998 4253 1088 4321 beati
1110 4253 1201 4320 Petri
1222 4254 1256 4318 in
1271 4253 1431 4319 Vaticano
1447 4252 1525 4332 Fls,
1547 4254 1580 4317 in
1603 4253 1771 4337 cymiterio
1794 4250 1920 4317 Callisti
1936 4248 1974 4314 P.

429 4355 523 4420 XIII.
549 4353 659 4419 Soter:
684 4355 776 4420 iuxta
800 4376 916 4441 corpus
937 4357 1028 4422 beati
1051 4359 1140 4424 Petri
1154 4357 1231 4439 FK,
1254 4359 1287 4422 in
1311 4357 1478 4443 cymiterio
1502 4355 1625 4420 Callisti
1648 4356 1702 4420 via
1723 4356 1833 4443 Appia
1849 4353 1888 4420 P.

434 4458 525 4524 XIV.
548 4457 724 4523 Eleuther:
748 4460 841 4525 iuxta
862 4481 980 4548 corpus
1002 4461 1091 4527 beati
1114 4463 1203 4527 Petri
1225 4463 1257 4526 in
1273 4460 1444 4526 Vaticano.

448 4561 523 4628 XV.
547 4562 674 4627 Victor:
697 4562 789 4626 iuxta
812 4582 929 4650 corpus
951 4564 1040 4629 beati
1062 4563 1153 4630 Petri
1177 4564 1317 4651 apostoli
1338 4564 1371 4628 iu
1385 4562 1555 4627 Vaticano.

431 4664 523 4731 XVI.
548 4664 764 4750 Zephyrinus:
787 4666 820 4731 in
843 4667 1011 4753 cymiterio
1035 4689 1093 4733 suo
1115 4668 1207 4733 iuxta
1230 4667 1432 4752 cymiterium
1455 4665 1580 4730 Callisti
1603 4666 1655 4731 via
1677 4666 1795 4752 Appia.

415 4769 525 4835 XVII
551 4768 720 4833 Callistus:
744 4770 778 4834 in
800 4771 969 4856 cymiterio
993 4771 1141 4858 Calipodi
1165 4772 1219 4837 vis
1240 4769 1375 4835 Aurelia
1396 4770 1462 4834 mil.
1479 4769 1540 4834 111.

399 4872 524 4939 XVIII
549 4872 715 4937 Urbanus:
738 4874 772 4938 ln
794 4875 963 4960 cymiterio
986 4875 1192 4942 Praetextati
1214 4875 1267 4940 via
1289 4872 1407 4960 Appia.

381 4975 525 5044 XVIIII.
549 4975 741 5042 Pontianus:
765 4976 800 5041 in
822 4977 990 5063 cymiterio
1014 4976 1139 5043 Callisti
1162 4978 1215 5042 sia
1236 4975 1356 5063 Appia.

448 5080 524 5146 XX.
549 5080 706 5145 Anteros:
730 5080 763 5145 in
785 5081 954 5167 cymiterio
978 5079 1104 5147 Callisti
1125 5082 1179 5146 via
1200 5081 1320 5168 Appia.

432 5184 527 5252 XXI.
549 5184 729 5249 Fabianus:
752 5183 786 5247 in
808 5184 976 5270 cymiterio
1000 5182 1126 5265 Callisti
1147 5184 1200 5249 via
1224 5183 1342 5271 Appia.

413 5288 525 5354 XXII.
550 5287 732 5354 Cornelius:
756 5288 789 5352 in
812 5294 926 5375 crypta
947 5289 1038 5353 iuxta
1054 5288 1256 5376 cymiterium
1271 5287 1395 5352 Callisti
1411 5288 1465 5351 via
1480 5286 1591 5373 Appia
1613 5288 1645 5351 iu
1660 5285 1796 5373 praedio
1813 5282 1997 5369 (Lucinae).

399 5392 526 5459 XXIII.
549 5391 681 5456 Lucius:
706 5392 739 5456 in
761 5391 928 5476 cymiterio
952 5390 1077 5457 Callisti
1099 5392 1215 5473 LIII,
1238 5391 1329 5455 iuxta
1352 5391 1554 5476 cymiterium
1578 5389 1700 5455 Callisti
1723 5390 1757 5453 in
1778 5388 1926 5452 arenaria
1949 5387 1998 5454 ΙΙ.

381 5497 525 5563 XXIIII.
551 5495 736 5583 Stephanus
759 5495 789 5560 I:
814 5495 847 5559 in
870 5496 1039 5581 cymiterio
1063 5480 1188 5561 Callisti
1212 5495 1264 5559 sia
1286 5493 1402 5580 Appia.

420 5600 528 5666 XXV.
552 5601 675 5687 Xystus
695 5599 745 5664 11:
768 5599 801 5664 in
824 5599 992 5685 cymiterio
1015 5597 1140 5665 Callisti
1162 5598 1215 5663 ria
1237 5597 1356 5685 Appia.

400 5703 526 5769 XXVI.
550 5703 725 5792 Dionysius
736 5702 801 5791 :jn
824 5702 991 5791 cymiterio
1016 5701 1140 5768 Callisti
1162 5702 1215 5767 via
1238 5702 1356 5789 Appia.
