4658 6576
1143 423 1362 479 ΕΡΙΤΟΜΑΕ

713 593 937 651 FELICIANA

415 5200 541 5266 Eodem
575 5210 723 5289 tempore
758 5201 836 5266 lecit
868 5200 1099 5266 Constantinus
1133 5200 1217 5287 Aug.

415 5303 549 5370 basilica
570 5306 603 5370 in
618 5306 740 5393 palatio
755 5304 957 5385 Sossoriano,
980 5305 1036 5369 ubi
1054 5305 1152 5369 etiam
1176 5303 1217 5368 do

414 5407 502 5492 ligno
525 5414 656 5473 sanctae
679 5410 781 5474 crucis

414 5541 534 5609 domini
557 5546 658 5610 nostri
679 5544 756 5611 Iesu
778 5544 898 5611 Christi

414 5699 493 5743 auro
515 5688 550 5745 et
571 5683 697 5765 gemnis
718 5683 884 5748 conclusit.

1562 595 1794 652 CONONIANA

1278 720 1391 765 aurum
1427 700 1526 766 libras
1557 699 1739 784 LXXXII,
1776 706 1947 786 argentum
1980 698 2082 764 libras

1276 791 1541 887 ffincuoxffl,
1564 805 1828 870 timiamaterium
1850 823 1985 869 aureum
2007 824 2080 869 cum

1278 909 1415 993 gemmis
1450 909 1588 994 prasinis
1620 907 1782 990 XLVIII,
1818 906 2000 973 balsamum
2037 905 2081 971 ad

1276 1013 1387 1077 lumen
1409 1011 1523 1077 diebus
1544 1011 1687 1098 paschae
1711 1011 1812 1077 libras
1827 1009 1899 1088 CC;
1922 1009 2082 1075 territoria

1276 1115 1310 1180 in
1331 1116 1541 1180 luminaribus
1564 1114 1607 1179 ad
1627 1116 1734 1202 ipsum
1756 1114 1891 1197 fontem,
1913 1117 2081 1200 prestante

1277 1219 1368 1283 annis
1401 1219 1535 1305 singulis
1567 1217 1689 1283 solidos
1710 1205 1920 1283 ificxxss.
1975 1216 2082 1282 Huius

1277 1322 1478 1409 temporibus
1521 1322 1598 1387 fecit
1641 1322 1809 1408 Augustus
1854 1318 2082 1385 Constantinus

1279 1445 1322 1489 ex
1344 1432 1460 1511 rogatu
1482 1423 1630 1490 Silvestri
1657 1424 1824 1490 basilicam
1847 1423 1946 1489 beato
1968 1423 2080 1505 Petro,

1278 1528 1368 1595 euius
1404 1529 1546 1594 loculum
1590 1549 1662 1594 eum
1700 1549 1817 1615 corpus
1852 1528 1956 1592 sancti
1991 1526 2081 1592 Petri

1277 1635 1324 1699 ita
1359 1631 1521 1699 recondit:
1556 1652 1599 1695 ex
1638 1631 1782 1718 undique
1816 1630 1858 1696 (le
1892 1650 1969 1696 aere
2003 1651 2081 1695 con·

1278 1738 1372 1803 clusit
1395 1758 1438 1801 ex
1461 1735 1548 1800 omni
1575 1739 1670 1821 parte
1699 1734 1804 1821 pedes
1832 1733 1865 1800 V
1894 1741 1929 1799 et
1955 1735 2081 1799 ornauit

1278 1840 1426 1928 superius
1453 1860 1497 1904 ex
1525 1839 1681 1904 columnis
1716 1838 1912 1925 pnrfuriticis
1941 1844 1976 1904 et
2001 1839 2082 1904 alias

1278 1943 1424 2026 vitoriae,
1449 1963 1529 2028 quas
1559 1941 1601 2007 de
1629 1942 1749 2007 Grecis
1775 1940 1938 2028 perduxit.
1988 1941 2082 2006 Fecit

1279 2053 1388 2111 autem
1425 2052 1459 2112 et
1492 2066 1655 2110 cameram
1689 2045 1823 2111 basilice
1857 2052 2005 2111 extrema
2038 2066 2082 2110 ex

1278 2152 1348 2216 auri
1371 2151 1516 2235 fulgente
1548 2154 1582 2213 et
1608 2170 1708 2236 super
1729 2171 1861 2236 eorpus,
1884 2170 1982 2236 supra
2003 2168 2081 2214 aere

1278 2254 1365 2341 quod
1387 2254 1496 2336 clusit,
1519 2253 1596 2319 facit
1621 2273 1749 2318 crucem
1772 2274 1816 2318 ex
1838 2274 1917 2318 auro
1939 2274 2081 2339 pensan·

1278 2365 1345 2422 tem
1368 2356 1467 2421 libras
1484 2355 1551 2440 CL,
1573 2358 1606 2421 in
1622 2377 1775 2422 mensura
1790 2357 1891 2440 locus,
1907 2358 1962 2422 ubi
1978 2357 2080 2444 scrip-

1278 2466 1345 2525 tum
1370 2466 1434 2525 est:
1460 2460 1689 2525 Constantinus
1705 2462 1872 2546 Augustus
1895 2465 1929 2524 et
1950 2459 2081 2526 Helena

1277 2562 1427 2647 Augusta
1454 2564 1537 2629 hanc
1567 2564 1698 2630 domum
1730 2565 1877 2650 regalem
1900 2564 1994 2629 simili
2016 2564 2080 2629 ful-

1278 2687 1358 2752 gore
1391 2687 1563 2732 coruscans
1596 2668 1684 2751 aula,
1717 2668 1871 2754 scriptum
1900 2688 1943 2732 ex
1965 2668 2081 2733 litteris

1277 2772 1365 2857 puris
1387 2771 1515 2855 nigellis
1538 2772 1571 2836 in
1593 2792 1688 2837 cruce
1710 2772 1791 2857 ipsa.
1841 2770 1936 2836 Fecit
1958 2770 2078 2836 cande·

1276 2874 1367 2940 labra
1381 2873 1449 2938 VII
1472 2895 1516 2940 ex
1532 2875 1693 2940 auricalco
1709 2881 1845 2961 argento
1861 2876 1976 2958 almas,
1992 2894 2078 2962 quae

1276 2984 1414 3065 pensant
1436 2978 1564 3064 singula
1585 2979 1684 3044 libras
1706 2976 1800 3044 CCC.
1850 2978 1935 3043 Item
1966 2979 1999 3043 in
2022 2977 2080 3043 (lo-

1276 3103 1370 3166 num,
1394 3080 1481 3167 quod
1509 3081 1626 3146 obtulit
1652 3080 1884 3146 Constantinus
1913 3082 2081 3167 Augustus

1276 3187 1375 3251 beato
1404 3184 1505 3250 Petro
1537 3206 1597 3273 per
1630 3184 1790 3251 diocissen
1817 3184 1975 3267 Orientis,
2003 3204 2080 3272 pre·

1278 3295 1401 3353 stantes
1443 3307 1504 3374 per
1548 3309 1649 3353 annos
1690 3289 1833 3375 singulos
1869 3287 1991 3353 solidos
2027 3276 2081 3353 ITI

1277 3392 1599 3461 DCCLXXXVIIII
1626 3392 1743 3458 triante
1765 3391 1800 3475 I,
1832 3392 2013 3457 balsamum
2039 3392 2080 3456 li-

1277 3499 1353 3563 bras
1376 3496 1507 3574 CCXV,
1531 3496 1596 3560 olei
1617 3495 1711 3560 nardi
1731 3495 1831 3561 libras
1853 3493 1981 3578 DCCC,
2005 3495 2081 3561 oleo

1277 3601 1398 3689 ciprino
1413 3600 1514 3666 libras
1531 3599 1568 3683 C,
1591 3605 1739 3664 aromata
1753 3598 1853 3663 libras
1868 3596 1968 3680 DCL,
1984 3599 2079 3686 piper

1275 3703 1457 3769 medimnus
1479 3702 1526 3787 L,
1561 3702 1751 3768 cariofolum
1784 3703 1882 3768 libras
1903 3700 1949 3784 L,
1983 3721 2079 3767 eroco

1275 3808 1375 3873 libras
1398 3806 1435 3890 C,
1472 3807 1573 3872 linum
1609 3805 1705 3892 fugus
1728 3803 1771 3888 C,
1810 3810 1900 3870 carta
1936 3803 2079 3871 decadas

1277 3912 1368 3976 mille
1390 3909 1502 3993 XXII,
1523 3910 1639 3997 papiro
1661 3930 1796 3975 racanas
1818 3908 1862 3973 M.
1912 3908 1961 3973 Ilo
1994 3916 2079 3974 tem·

1275 4035 1354 4100 pore
1399 4014 1477 4078 fecit
1519 4013 1748 4079 Constantinus
1798 4012 1933 4077 basilica
1975 4012 2078 4078 beato

1275 4118 1391 4199 Paulo,
1425 4117 1513 4181 cuius
1541 4137 1657 4204 eorpus
1686 4117 1733 4181 ita
1764 4115 1911 4181 recondit
1938 4116 2022 4183 sicut
2044 4124 2079 4182 et

1273 4221 1363 4286 beati
1385 4220 1490 4300 Petri,
1517 4219 1569 4284 cni
1596 4220 1750 4285 basilicae
1778 4218 1898 4285 donum
1925 4220 1988 4286 hoc
2016 4219 2077 4285 ob-

1273 4324 1363 4388 tulit:
1399 4322 1507 4387 omnia
1533 4342 1613 4387 vasa
1645 4342 1745 4388 aurea
1771 4323 1824 4388 vel
1853 4328 2012 4408 argentea
2041 4328 2078 4388 et

1273 4446 1371 4492 aerea
1398 4432 1431 4490 et
1458 4445 1586 4490 amcam
1613 4446 1747 4491 auream
1770 4446 1868 4512 super
1894 4426 2003 4491 locum
2030 4425 2078 4491 ita

1272 4528 1389 4615 posuit,
1408 4528 1490 4593 sicut
1509 4529 1542 4593 in
1556 4528 1691 4594 basilica
1705 4529 1794 4594 beati
1809 4528 1911 4596 Petri.
1955 4528 2078 4595 Predia

1272 4653 1349 4697 vero
1372 4631 1592 4719 prestantibus
1614 4652 1715 4697 annos
1738 4632 1882 4718 singulos
1898 4620 2077 4717 ffilLXX,

1272 4737 1453 4802 balsamum
1475 4735 1574 4801 libras
1594 4734 1633 4817 L,
1666 4737 1738 4801 oleo
1760 4735 1863 4802 nardo
1885 4737 1985 4802 libras
2006 4734 2076 4819 CC,

1273 4846 1420 4904 aromata
1441 4839 1541 4904 libras
1556 4837 1688 4921 CLXX,
1713 4840 1801 4904 casia
1822 4840 1922 4906 libras
1942 4839 1982 4924 L,
2005 4846 2075 4905 sto-

1272 4964 1346 5009 race
1369 4944 1468 5008 libras
1484 4941 1593 5025 XXX,
1616 4946 1743 5007 stacten
1764 4942 1863 5008 libras
1878 4942 1945 5026 CL,
1959 4942 2076 5028 papiro

1271 5067 1406 5112 racanas
1420 5045 1462 5128 D,
1484 5046 1550 5110 lino
1573 5065 1666 5110 saeos
1682 5044 1776 5112 CCC.

1314 5200 1363 5265 Eo
1380 5208 1527 5287 tempore
1543 5200 1619 5265 lecit
1632 5200 1748 5265 beatus
1761 5200 1989 5266 Constantinus
2000 5201 2072 5266 An-

1271 5311 1383 5389 gustus
1405 5303 1570 5368 basilicam
1592 5304 1626 5368 in
1647 5304 1774 5390 palacio
1791 5303 1992 5387 Sessoriano,
2015 5304 2073 5369 ubi

1271 5406 1313 5472 ‹le
1335 5408 1422 5493 ligno
1445 5413 1577 5472 sanctae
1601 5406 1703 5471 crucis

1270 5702 1312 5745 ax
1334 5703 1413 5747 auro
1436 5688 1471 5745 et
1491 5683 1629 5767 gemmis
1650 5685 1816 5750 conclusit.
