4658 6576
937 434 1224 493 reconderunt.
1822 439 1913 496 CXIII

254 627 300 671 ex
323 627 459 694 corpore
482 607 620 674 vitarum
642 609 741 694 pleno
764 613 807 689 et,
831 615 991 694 quatenus
1012 611 1101 697 prior
1121 611 1288 697 pervenit,
1312 632 1354 676 ex
1381 613 1571 677 recensione
1599 614 1667 678 eius
1690 615 1833 700 eorporis
1856 613 1913 679 de·

255 712 385 799 perdita
413 717 448 777 et
475 733 516 777 aa
543 733 626 799 quae
657 718 749 778 extat
778 713 916 778 subinde
943 714 1078 780 meliore
1101 714 1200 780 hodie
1222 736 1288 781 non
1311 717 1503 801 ambigitur,
1531 723 1705 803 postquam
1728 718 1913 804 opinionem

253 815 359 902 Lipsii
380 813 599 900 (carmanos
617 815 674 880 der
687 816 862 881 rdmiscbea
875 817 1126 900 Rectissime
1150 840 1181 905 p.
1199 821 1335 906 seseq.)
1358 821 1462 906 ipsam
1486 822 1631 907 corporis
1652 822 1754 885 nostri
1776 822 1913 887 formam

253 920 464 984 vetustiorem
475 921 713 1005 repraesentari
724 920 836 986 libello
846 920 1012 986 Feliciano
1022 922 1227 987 Duehesnius
1240 922 1393 1010 (primum
1405 924 1497 988 e'tudc
1511 944 1570 987 sar
1584 923 1612 988 lc
1627 923 1705 989 leber
1713 925 1912 1006 pontificalis

261 1023 353 1106 1877,
388 1021 507 1088 deinde
539 1023 572 1088 in
606 1024 810 1110 praefatione
838 1024 1001 1112 editionis)
1028 1027 1210 1091 luculenter
1240 1027 1420 1093 confutavit
1447 1025 1653 1092 adsentiente
1676 1049 1753 1092 mox
1768 1028 1912 1094 Waitzio

255 1124 365 1211 (amesa
385 1126 507 1192 Arabio
529 1132 547 1191 l
571 1148 601 1192 a.
621 1131 701 1194 1879
724 1149 756 1214 p.
778 1131 839 1193 217
859 1130 959 1215 seq.)‚
982 1151 1089 1216 neque
1111 1131 1145 1195 in
1167 1151 1202 1195 re
1227 1130 1370 1196 evidenti
1392 1132 1458 1196 iam
1480 1152 1540 1196 nos
1562 1131 1769 1197 merebimur.
1814 1131 1912 1198 Utra-

256 1250 321 1316 que
359 1231 501 1318 epitome
539 1253 612 1296 cum
646 1233 692 1296 ita
727 1232 814 1297 lacta
846 1234 901 1316 sit,
934 1240 971 1299 ut
1000 1235 1145 1321 corporis
1184 1234 1322 1300 breviati
1355 1236 1426 1322 ipse
1459 1235 1562 1300 verbe
1596 1256 1721 1300 summa
1754 1234 1912 1300 fidelitate

254 1333 415 1399 retineant
442 1341 477 1400 et
502 1355 576 1399 raro
609 1354 716 1421 neque
748 1336 810 1400 nisi
836 1337 869 1401 in
898 1338 1036 1402 minimis
1061 1337 1137 1402 inde
1168 1337 1339 1420 recedant,
1368 1338 1411 1403 ad
1434 1340 1529 1404 crisin
1552 1340 1625 1404 libri
1649 1340 1743 1405 solito
1765 1340 1912 1404 utiliores

253 1444 337 1503 suut
370 1474 411 1486 -
439 1437 535 1504 Duae
565 1439 729 1525 epitomae
757 1461 952 1526 quamquem
979 1442 1013 1506 iu
1040 1442 1149 1507 multis
1177 1441 1329 1507 differunt
1359 1449 1393 1507 et
1422 1443 1542 1529 passim
1565 1444 1669 1507 altera
1690 1451 1763 1508 utra
1786 1444 1913 1529 plenior

253 1542 427 1623 invenitur,
444 1549 602 1628 quatenus
622 1542 756 1608 easdem
779 1545 861 1610 vitas
885 1544 1026 1626 tradunt,
1050 1547 1224 1610 verisimile
1240 1552 1291 1611 est
1306 1547 1470 1633 protectas
1494 1567 1567 1612 esse
1590 1568 1655 1612 non
1679 1569 1722 1612 ex
1743 1548 1816 1634 ipso
1841 1568 1911 1613 eor·

254 1666 335 1732 pore
357 1666 379 1710 a
398 1644 524 1711 duobus
539 1666 684 1712 seorsum
700 1648 856 1730 breviato,
880 1649 939 1713 sed
961 1670 1005 1714 ex
1027 1651 1171 1736 epitoma
1193 1651 1349 1736 ampliore
1372 1650 1508 1715 redacta
1532 1672 1641 1715 rursus
1663 1652 1696 1715 iu
1721 1650 1913 1738 compendia

257 1749 321 1816 duo
345 1749 482 1818 ‹liversa
526 1751 644 1817 Illuoet
672 1751 707 1816 id
728 1774 792 1818 non
815 1759 881 1818 tam
904 1774 947 1818 ex
973 1754 1135 1820 erroribus
1163 1756 1290 1840 utrique
1314 1756 1554 1836 communibus,
1579 1775 1713 1841 quorum
1738 1775 1814 1819 mox
1836 1775 1912 1841 spe-

255 1855 362 1919 cimen
385 1854 543 1937 dabimus,
566 1856 686 1942 quippe
710 1879 791 1944 quos
814 1857 857 1922 ed
879 1859 1140 1924 communionem
1155 1858 1324 1945 archetypi
1347 1881 1502 1925 revocare
1518 1860 1633 1947 possis,
1651 1880 1747 1946 quam
1771 1880 1814 1924 ex
1833 1860 1913 1924 locis

255 1958 401 2046 pariliter
422 1961 605 2042 contractis,
628 1962 741 2046 quales
763 1968 837 2027 sunt
858 1962 892 2026 hi
914 1964 979 2028 rari
1000 1964 1024 2028 ii
1048 1962 1190 2049 quidem,
1214 1965 1378 2049 quoniam,
1394 1970 1430 2028 ut
1446 1963 1597 2046 diximus,
1622 1964 1786 2050 epitomae
1811 1964 1912 2028 verbe

259 2061 379 2127 tradita
401 2063 470 2127 fere
493 2064 644 2147 retinent,
667 2063 814 2130 sednon
836 2065 1038 2131 deficientes:

256 2187 336 2266 75,ι
357 2184 418 2249 fnit
433 2190 543 2249 autem
559 2186 759 2272 temporibus
774 2186 977 2252 Constantini
993 2237 1000 2251 .
1018 2236 1051 2253 ..
1105 2188 1179 2253 FK
1195 2188 1255 2253 fuit
1278 2194 1388 2254 autem
1415 2188 1616 2275 temporibus
1647 2187 1851 2253 Constantini
1879 2195 1914 2253 et

358 2308 379 2351 a
394 2290 561 2354 consulatu
576 2289 733 2354 Felieiani
749 2296 783 2354 et
794 2290 963 2356 Maximini
978 2291 1053 2356 aba
1209 2292 1367 2357 Feliciani
1391 2298 1425 2357 et
1447 2291 1620 2357 Maximini

352 2389 443 2472 pleni
455 2391 522 2473 scre
543 2414 616 2458 cum
633 2399 694 2460 cat.
710 2393 797 2459 Lib:
820 2394 881 2459 fuit
896 2395 1053 2481 tempori-

359 2495 421 2561 bus
444 2493 648 2562 Constantini
669 2518 690 2562 a
712 2498 884 2562 consulatu
901 2497 1058 2561 Felieiaui

360 2605 395 2665 et
416 2599 535 2665 Titiani

255 2707 308 2786 77,
324 2729 348 2771 ιι
383 2709 477 2769 extra
512 2703 689 2769 secundum
726 2703 939 2790 baptismum,
978 2711 1055 2770 tuno
1109 2705 1181 2770 FK
1199 2712 1339 2792 excepto
1363 2706 1569 2792 rebaptizare
1593 2706 1648 2791 qui
1663 2704 1812 2770 Liberius
1836 2726 1913 2770 eon-

360 2807 459 2872 missa
475 2807 669 2872 auctoritate
685 2828 745 2894 per
756 2807 940 2873 Catulinum
952 2829 1054 2893 agen·
1216 2810 1316 2873 sensit

361 2916 428 2975 tem
458 2911 492 2974 in
525 2909 622 2975 rebus
657 2916 691 2976 et
719 2912 814 2976 simul
842 2910 994 2977 Ursaoius
1024 2918 1058 2977 et

360 3013 483 3079 Valens
498 3020 657 3078 venerunt
671 3014 715 3080 ad
729 3013 905 3082 Liberium.
932 3017 987 3102 qui
1001 3014 1057 3081 Li·

359 3117 470 3183 berius
493 3118 656 3183 consensit

255 3221 406 3289 Eandem
444 3222 607 3308 epitomen
641 3222 797 3289 maiorem
833 3243 905 3287 cum
945 3242 1043 3308 supra
1077 3222 1125 3309 (p.
1151 3221 1249 3306 XIV)
1291 3221 1570 3286 observaverimus
1607 3230 1642 3286 et
1677 3223 1762 3288 iutra
1797 3223 1913 3288 confir·

255 3327 375 3391 maturi
396 3327 495 3391 simus
517 3326 615 3390 etiam
638 3327 754 3390 tertiae
777 3326 888 3390 classis
910 3327 1047 3412 principi
1069 3347 1109 3390 ea
1131 3325 1434 3405 subministravisse,
1459 3346 1542 3412 quae
1558 3325 1694 3391 adscivit
1709 3348 1752 3391 ex
1767 3326 1910 3393 editione

256 3431 381 3517 priore,
408 3431 553 3516 sequitur
583 3449 656 3493 eam
682 3429 715 3493 in
739 3428 851 3494 Felice
872 3428 920 3494 IV
950 3430 1146 3510 substitisse,
1181 3430 1291 3515 itaque
1323 3428 1478 3514 quidquid
1509 3429 1550 3494 de
1581 3431 1770 3495 recensione
1805 3431 1911 3516 priore

256 3533 385 3613 dicitur,
414 3554 480 3599 nou
502 3534 671 3619 pervenire
693 3533 777 3596 ultra
799 3538 948 3619 tempore
970 3532 1238 3598 Theodericiana.
1281 3532 1524 3618 Epitomatores
1553 3534 1586 3598 in
1619 3532 1702 3598 libro
1736 3534 1912 3600 breviando

255 3638 437 3703 resecuisse
465 3658 547 3723 quae
574 3638 746 3723 uuicuique
775 3637 900 3702 inutilia
926 3636 1112 3702 viderentur
1143 3641 1394 3701 consentaneum
1418 3643 1484 3712 est;
1508 3637 1661 3702 differunt
1689 3637 1854 3704 Feliciana
1877 3646 1911 3704 et

256 3741 446 3809 Cononiana
466 3743 627 3807 interulis
650 3762 701 3822 eo,
725 3741 812 3826 quod
835 3740 1039 3807 donariorum
1062 3742 1178 3826 longos
1199 3762 1351 3805 recensus
1374 3742 1455 3806 haec
1478 3743 1510 3805 iu
1534 3741 1760 3828 compendium
1783 3743 1912 3830 redegIt

256 3844 431 3912 admodum
454 3846 552 3928 exile,
573 3846 630 3911 illa
652 3851 737 3911 totos
760 3845 889 3913 abiecit.

358 3948 468 4015 Editio
491 3951 573 4015 haec
595 3950 786 4037 ampliorem
807 3951 896 4015 illam
923 3951 1105 4037 epitomen,
1127 3954 1287 4035 quatenus
1316 3949 1454 4015 efficitur
1481 3970 1524 4014 ex
1550 3949 1717 4015 Feliciana
1747 3956 1781 4015 et
1804 3950 1910 4015 Cono-

255 4055 353 4120 niana
383 4054 576 4135 coniunctis,
599 4060 823 4140 repraesentat
843 4055 877 4119 iu
898 4054 1079 4141 appendice
1104 4053 1229 4118 duabus
1259 4053 1410 4138 epitomis
1433 4054 1478 4117 ita
1502 4054 1593 4118 iuxta
1616 4054 1743 4139 positis,
1765 4060 1802 4118 ut
1824 4061 1911 4119 utra-

257 4179 320 4245 que
343 4157 421 4245 quid
443 4157 564 4223 habeat
585 4158 638 4223 vel
660 4179 725 4223 non
747 4157 869 4223 habeat
890 4159 942 4223 vel
965 4158 1012 4244 (id
1041 4157 1129 4244 quod
1157 4178 1230 4222 raro
1253 4154 1383 4242 accidit)
1407 4163 1614 4243 transponat,
1643 4157 1719 4222 inde
1743 4157 1911 4222 efficiatur.

257 4262 436 4328 Praeterea
464 4262 498 4326 in
523 4261 595 4348 ipse
623 4262 766 4348 eorporis
797 4261 938 4327 editione
962 4283 1046 4348 quae
1068 4263 1101 4326 in
1125 4261 1284 4326 ambabus
1307 4262 1457 4346 epitomis
1480 4263 1532 4326 vel
1558 4263 1757 4326 alterautra
1780 4282 1911 4347 compa·

257 4373 343 4445 rent,
370 4366 461 4431 uncis
485 4366 526 4451 <>
550 4365 876 4452 comprehenduntur.
921 4365 1142 4430 Receusiones
1165 4364 1250 4429 duae
1275 4364 1330 4429 ubi
1354 4364 1521 4447 differunt,
1553 4366 1677 4429 minuta
1698 4366 1858 4430 varietate
1880 4367 1913 4430 in

258 4476 449 4557 apparatum
482 4470 603 4536 reiecta
635 4490 713 4534 vere
743 4469 872 4535 diversa
903 4471 995 4534 iuxta
1027 4476 1189 4555 ponuntur
1220 4469 1355 4534 adiectis
1383 4469 1417 4534 in
1448 4471 1594 4555 margine
1624 4469 1740 4535 litteris
1768 4476 1824 4534 aut
1848 4469 1917 4534 ΓΚ

257 4581 314 4640 aut
327 4574 364 4640 F
380 4581 438 4639 aut
451 4573 492 4638 K
509 4581 565 4639 aut
586 4573 823 4658 P(ontificalis).
871 4573 905 4638 Si
936 4594 1001 4660 qua
1027 4573 1129 4638 hebet
1163 4574 1310 4638 recensio
1344 4573 1441 4659 prior,
1478 4593 1561 4659 quae
1596 4572 1714 4637 absunt
1746 4594 1766 4637 a
1799 4594 1912 4638 reeen-

258 4678 348 4744 sione
380 4678 577 4764 posteriore,
616 4698 657 4742 ea
693 4678 874 4763 posteriore
907 4679 1046 4764 paginae
1080 4683 1173 4764 parte
1205 4683 1342 4741 vacante
1376 4678 1410 4741 iu
1449 4678 1556 4764 priore
1591 4677 1743 4763 leguntur
1777 4676 1912 4742 adiectis

257 4781 372 4848 litteris
393 4780 519 4848 iisdem.
570 4781 730 4866 Epitomis
753 4781 877 4846 duabus
907 4802 992 4867 quae
1023 4782 1205 4847 eommunia
1234 4787 1322 4862 sunt,
1349 4781 1391 4845 ab
1414 4781 1453 4844 iis
1476 4800 1559 4866 quae
1583 4788 1693 4845 servat
1715 4782 1818 4846 altera
1840 4789 1913 4846 utra

257 4885 328 4951 sola
348 4886 395 4951 ita
416 4884 668 4971 distinguuntur,
698 4891 735 4949 ut
761 4886 837 4950 solis
865 4887 955 4950 uncis
979 4886 991 4970 (
1013 4885 1024 4968 >
1049 4884 1366 4971 comprehendantur
1388 4885 1580 4962 communia,
1604 4905 1688 4970 quae
1711 4884 1813 4950 habet
1843 4885 1914 4950 sola

257 4988 436 5069 Feliciones,
464 4989 564 5075 signis
587 4986 611 5074 (¹
632 4986 673 5071 ¹),
705 5009 789 5075 quae
811 4989 912 5053 habet
939 4987 1128 5053 Cononiana
1156 4989 1240 5068 sola,
1263 4987 1363 5073 signis
1381 4987 1404 5072 (*
1427 4986 1464 5070 ⁴).
1513 4987 1545 5052 A
1574 4995 1668 5053 textu
1690 4995 1799 5052 nostro
1825 4988 1913 5053 edito

257 5092 313 5157 ubi
339 5091 497 5158 recedunt
526 5092 703 5179 epitomae,
732 5093 824 5158 varia
853 5094 950 5159 lectio
984 5113 1097 5158 earum
1129 5094 1162 5157 in
1197 5099 1390 5178 apparatum
1424 5099 1559 5177 recepta
1586 5098 1637 5157 est
1665 5094 1787 5179 pariter
1815 5100 1913 5178 atque

257 5195 405 5264 codicum
432 5197 630 5263 recensionis
659 5198 787 5284 plenae.
842 5196 967 5263 Debuit
999 5218 1052 5262 res
1085 5198 1132 5262 ita
1165 5197 1305 5278 institui,
1340 5197 1490 5282 quoniam
1523 5198 1557 5261 in
1591 5216 1725 5282 corpore
1759 5196 1821 5260 hoc
1855 5195 1913 5260 ad·

257 5299 399 5367 bibendo
421 5301 606 5367 necessaria
628 5308 680 5366 est
698 5303 862 5389 separatio
885 5322 999 5368 eorum
1023 5304 1179 5382 locorum,
1202 5322 1284 5387 quos
1305 5301 1403 5366 tuisse
1426 5301 1460 5365 in
1481 5302 1671 5366 recensione
1694 5302 1801 5387 priore
1825 5306 1914 5365 certo

257 5404 442 5472 wintonio
464 5409 609 5486 conant,
629 5425 737 5492 neque
760 5405 978 5472 oblitteranda
999 5408 1060 5473 fuit
1091 5407 1257 5491 utriusque
1281 5405 1444 5491 epitomae
1468 5404 1637 5469 diversitas
1660 5410 1694 5468 et
1716 5407 1913 5490 proprietam

257 5507 363 5595 potnit
383 5507 588 5595 ίιιιιίιιιίιὶιι,
611 5511 765 5597 quoniam
787 5509 966 5599 epitomes,
987 5516 1026 5578 ut
1045 5510 1197 5593 diximus,
1219 5529 1353 5596 perraro
1375 5507 1477 5574 verba
1499 5508 1619 5581 tradita
1639 5514 1804 5573 mutarunt
1826 5515 1860 5574 et
1881 5510 1915 5574 in

257 5630 385 5679 mm
400 5630 441 5679 -re
460 5610 498 5681 iu
517 5610 704 5695 medendi·
721 5611 765 5681 ἢ
785 5632 825 5683 ιο
844 5614 1084 5685 mutinurnnt.
1127 5612 1222 5690 Quae
1242 5611 1431 5679 Duohesnio
1462 5612 1585 5700 placuit
1609 5613 1706 5692 ratio,
1734 5619 1771 5677 ut
1791 5614 1914 5678 variam

259 5714 439 5787 Iseenn-
455 5714 580 5789 Ὴ
1160 5721 1221 5787 ιιι
1249 5712 1560 5805 numnquam
1581 5714 1727 5781 adiceret
1749 5717 1914 5782 coniectu·

356 5850 368 5895 ¹
1690 5855 1708 5906 Ρ
