4658 6576
331 438 394 499 236
1051 429 1267 485 ΕΡΗῸΜΑΕ

620 602 847 660 FELIGIANA
1155 604 1160 667 Ι
1470 600 1707 657 OONONIANA

332 710 373 775 de
402 709 524 797 paseha
551 710 604 776 vel
633 708 675 775 de
705 707 757 774 die
790 709 893 796 prima
921 729 992 773 cum
1021 706 1129 771 Theo·
1155 672 1159 809 i
1184 703 1225 770 de
1248 705 1369 792 pascha
1391 706 1444 771 vel
1472 704 1514 771 de
1543 705 1596 771 die
1619 707 1756 792 prImum
1780 726 1854 771 cum
1875 705 1986 772 'Pheo-

331 814 421 900 philo
445 814 599 900 episcopo
623 811 844 878 Alexandriae
873 812 914 876 de
938 813 1021 875 luna.
1067 810 1131 874 Hie
1155 818 1159 857 Ι
1184 809 1272 895 philo
1305 810 1456 895 episcopo
1484 809 1695 875 Alexandrae
1725 809 1766 873 de
1789 809 1875 875 luna.
1921 808 1987 874 Hie

330 920 405 982 licet
428 915 647 983 ordinationes
668 916 713 999 ΙΙ,
736 915 845 1002 presb.
867 915 946 996 IIII,
971 915 1052 979 diae.
1070 914 1127 994 VI,
1184 914 1261 978 lecit
1285 912 1503 978 ordinationes
1524 913 1569 995 11,
1596 913 1704 999 presb.
1725 912 1805 994 IIII,
1828 911 1911 979 diae.
1926 912 1986 995 VI,

332 1022 504 1108 episcopos
527 1042 586 1106 per
607 1021 679 1085 loca
701 1019 778 1084 XII.
824 1017 888 1092 Qui
911 1020 1057 1105 sepultus
1081 1026 1131 1083 cst
1184 1019 1355 1104 episcopos
1376 1016 1453 1083 XII.
1504 1016 1567 1090 Qui
1591 1024 1624 1081 et
1646 1017 1793 1103 sepultus
1821 1022 1872 1081 est
1893 1017 1987 1081 iuxta

331 1126 422 1190 iuxta
454 1145 569 1211 eorpus
603 1124 691 1188 beati
721 1121 811 1187 Petri
826 1121 858 1185 V
881 1122 924 1187 kl.
952 1124 1039 1208 Aug.
1088 1121 1132 1186 Et
1184 1141 1300 1206 eorpus
1334 1121 1424 1185 beati
1452 1118 1543 1185 Petri
1571 1119 1670 1186 Vkl.
1698 1120 1784 1205 Aug.
1839 1117 1988 1185 Cessarit

331 1230 470 1294 cessavit
493 1229 699 1314 episcopatus
722 1226 791 1291 dies
813 1225 873 1290 XI.
1185 1225 1391 1311 episcopatus
1415 1223 1484 1288 dies
1507 1223 1585 1289 XII.

382 1370 445 1414 xrs.
468 1350 678 1430 Zrnuemnrs,
714 1349 844 1412 natione
875 1346 1058 1430 Romanus,
1089 1369 1131 1412 cx
1227 1366 1292 1411 rvr.
1314 1346 1519 1425 ZeeucnrrvS,
1541 1344 1673 1409 natione
1695 1342 1873 1426 Romanus,
1891 1350 1985 1429 patre

332 1458 425 1538 patre
451 1451 699 1533 IIabundanti0‚
730 1450 814 1515 sedit
837 1472 910 1515 aun.
927 1450 1009 1515 VIII
1031 1471 1131 1515 mens.
1156 1518 1160 1541 Ι
1185 1446 1354 1529 Abundio,
1377 1447 1462 1513 sedit
1495 1459 1547 1513 an.
1565 1446 1682 1511 XVIII
1714 1467 1817 1511 mens.
1835 1446 1887 1511 III
1916 1446 1987 1512 dies

331 1556 398 1619 VII
421 1556 490 1621 dies
511 1556 553 1620 X.
597 1556 674 1621 Fuit
696 1556 897 1642 temporibus
921 1554 1074 1618 Antonini
1098 1560 1133 1619 et
1157 1582 1160 1601 ·
1185 1553 1227 1617 Χ.
1280 1552 1356 1617 lluit
1385 1560 1495 1616 autem
1525 1551 1726 1637 temporibus
1762 1550 1917 1616 Antonini
1953 1560 1988 1616 et

332 1660 497 1741 Severini,
529 1661 695 1724 consulate
724 1659 887 1724 Saturnini
915 1658 1069 1722 Antonini
1100 1666 1133 1721 et
1186 1655 1317 1737 Severi,
1346 1676 1367 1718 a
1394 1656 1561 1720 consulatu
1587 1655 1742 1720 Antonini
1772 1661 1806 1720 et
1827 1653 1987 1720 Gallicani

334 1762 493 1827 Gallicani
524 1784 626 1849 usque
655 1762 696 1827 ad
720 1764 911 1827 Presentem
936 1771 969 1826 et
992 1763 1131 1827 Strieato
1157 1814 1161 1845 ,
1186 1780 1287 1844 usque
1317 1758 1358 1823 ad
1387 1759 1598 1824 Praesentem
1628 1766 1662 1824 et
1684 1758 1823 1824 StrIcato
1847 1760 1987 1825 consuli·

334 1867 529 1932 eonsulibus.
557 1867 621 1931 Hie
633 1867 806 1947 constituit,
821 1867 1015 1952 presentiam
1030 1865 1132 1929 omni·
1186 1863 1255 1928 bus.
1300 1862 1364 1927 Hic
1379 1864 1553 1943 constituit,
1577 1871 1612 1927 ut
1634 1865 1666 1927 iu
1682 1864 1867 1949 praesentia
1883 1865 1986 1929 omni-

334 1970 394 2035 bus
417 1971 541 2036 clericis
565 1976 598 2033 et
619 1970 709 2034 laicis
731 1969 879 2034 fidelibus
1186 1966 1246 2031 bus
1269 1966 1392 2032 clericis
1416 1976 1449 2031 et
1471 1967 1560 2031 laicis
1581 1965 1731 2031 fidelibus

332 2084 400 2147 sive
423 2083 557 2147 clericus

334 2196 403 2259 sive
433 2195 532 2259 levita
561 2194 628 2258 sive
659 2193 810 2259 sacerdos
835 2194 1046 2258 ordinaretur.
1091 2191 1134 2255 Et
1158 2184 1162 2253 l
1186 2192 1252 2256 sive
1285 2192 1383 2256 levita
1412 2191 1478 2255 siue
1505 2189 1657 2254 sacerdos
1686 2189 1897 2259 ordinaretur.
1942 2193 1987 2258 Et

335 2300 412 2363 fecit
426 2298 598 2362 constituto
612 2297 652 2361 dc
667 2298 803 2361 ecclesia
819 2306 851 2361 ct
864 2306 1001 2383 patenas
1014 2299 1133 2361 vitreas
1158 2296 1162 2385 j
1186 2296 1262 2360 l'ecit
1278 2297 1485 2360 constitutum
1509 2294 1550 2358 dc
1574 2294 1712 2358 ecclesia
1733 2303 1766 2359 et
1781 2304 1917 2382 patenas
1939 2299 1987 2362 vi-

334 2409 410 2465 ante
434 2422 469 2465 so
493 2400 679 2465 sacerdotes
702 2402 735 2466 in
759 2402 895 2466 ecelesia
918 2411 951 2465 et
973 2402 1133 2466 ministros
1186 2406 1271 2463 treas
1285 2408 1360 2464 ante
1376 2421 1411 2463 se
1428 2397 1614 2464 sacerdotes
1629 2399 1661 2462 in
1678 2398 1815 2463 ecelesia
1829 2408 1863 2463 ct
1878 2401 1986 2466 minis-

334 2505 570 2591 subportantes,
594 2503 668 2568 dum
688 2505 859 2590 opiscopus
874 2506 971 2569 missa
987 2505 1132 2569 celebra·
1186 2510 1252 2567 tros
1281 2512 1561 2589 superportantes,
1593 2502 1667 2567 dum
1698 2505 1867 2588 episcopus
1890 2505 1988 2568 missa

334 2616 400 2688 ret,
424 2616 499 2672 ante
527 2629 562 2672 so
594 2606 781 2672 sacerdotes
816 2629 928 2672 omnes
956 2608 1132 2690 adstantes,
1157 2600 1161 2689 l
1186 2607 1385 2681 celebraret,
1410 2616 1484 2671 ante
1512 2628 1547 2672 se
1577 2605 1764 2671 sacerdotes
1795 2627 1905 2672 omnes
1928 2608 1986 2673 ad-

335 2712 381 2774 sic
418 2712 536 2775 missae
574 2711 833 2775 celebrarentur:
871 2719 1010 2797 excepto
1045 2713 1134 2776 cuius
1157 2756 1161 2843 p
1185 2716 1317 2792 stantes,
1347 2711 1392 2774 sic
1424 2712 1540 2775 missae
1564 2710 1819 2787 celebrarentur;
1849 2720 1987 2798 excepto

336 2815 480 2901 episcopi
506 2815 641 2878 interest
668 2822 790 2878 tantum
828 2816 931 2879 clerus
962 2817 1134 2880 sustineret
1158 2856 1161 2875 ι
1186 2814 1271 2901 quod
1288 2816 1336 2878 ius
1352 2815 1495 2900 episcopi
1517 2816 1601 2878 inter
1624 2823 1748 2879 tantum
1766 2814 1870 2879 clerus
1892 2817 1988 2881 susti-

337 2918 485 2982 omuibus
517 2917 740 3004 presentibus,
765 2940 806 2983 ex
831 2940 868 2982 ca
892 2920 1133 2984 consecratione
1158 2918 1161 2993 Ι
1186 2928 1279 2983 neret
1295 2918 1443 2982 omnibus
1458 2928 1657 3003 praesentes.
1675 2940 1717 2983 ex
1734 2939 1773 2982 ea
1789 2920 1988 2984 consecraci-

336 3020 377 3085 de
400 3042 497 3084 manu
530 3023 674 3107 episcopi
702 3023 766 3085 iam
790 3043 941 3086 coronam
965 3044 1133 3086 consecra·
1158 3020 1162 3125 l
1187 3044 1248 3087 one
1273 3022 1313 3086 de
1337 3043 1434 3086 manu
1462 3024 1605 3108 episcopi
1633 3024 1696 3086 iam
1727 3043 1878 3087 coronam
1910 3044 1987 3088 con-

336 3134 402 3187 tam
426 3126 590 3210 acciperet
612 3124 773 3210 presbiter
796 3125 986 3190 tradendam
1003 3127 1133 3213 populo.
1159 3156 1162 3177 ·
1187 3134 1347 3191 sacratam
1370 3128 1533 3213 acciperet
1549 3127 1709 3212 presbiter
1725 3125 1914 3191 tradendam
1931 3148 1990 3214 po·

336 3225 399 3291 Hic
422 3228 500 3291 lecit
522 3228 741 3293 ordinationes
763 3230 833 3294 HII
1159 3188 1163 3281 i
1188 3231 1273 3316 pulo.
1319 3228 1382 3294 Ille
1408 3231 1484 3295 fecit
1508 3230 1726 3295 ordinationes
1749 3230 1827 3305 1111,

336 3359 395 3424 per
416 3361 517 3404 mens.
541 3339 709 3423 Deccmb,

335 3451 444 3537 presb.
459 3451 571 3534 XIIII,
596 3452 677 3518 diac.
693 3452 786 3533 VIII,
804 3454 975 3540 episcopos
990 3475 1049 3540 pter
1065 3455 1133 3517 loca
1190 3455 1297 3541 presb.
1321 3455 1437 3536 XIIII,
1466 3454 1546 3519 diac.
1569 3454 1665 3532 VIll,
1694 3455 1864 3540 episcopos
1893 3452 1986 3516 XIII.

335 3554 429 3620 XIII.
475 3554 538 3629 Qui
561 3555 706 3642 sepultus
730 3563 778 3619 cst
801 3557 833 3620 in
857 3558 1013 3622 cimiterio
1191 3558 1406 3644 Sepultusque
1431 3560 1535 3622 estin
1559 3558 1715 3622 cimiterio

335 3688 393 3731 suo

336 3780 427 3843 iuxta
457 3780 647 3845 cimiterium
672 3778 810 3853 Calesti,
840 3784 888 3846 iia
913 3783 1031 3868 Appia,
1054 3780 1134 3845 VIII
1190 3784 1280 3847 iuxta
1303 3782 1459 3846 cimiterio
1484 3781 1611 3852 Calisti,
1634 3782 1687 3845 via
1709 3782 1827 3867 Appia,
1852 3782 1934 3846 VIII
1957 3783 1989 3846 k.

338 3883 382 3947 kl.
407 3883 498 3969 Sept.
544 3882 587 3946 Et
614 3886 751 3947 cessavit
781 3887 987 3971 episcopatus
1010 3884 1079 3948 dics
1096 3884 1135 3949 V.
1191 3886 1281 3972 Sept.
1328 3885 1475 3950 Cessarit
1498 3886 1702 3971 episcopatus
1726 3884 1796 3949 dies
1813 3885 1854 3951 V.

395 4023 469 4067 xvir.
500 4001 668 4085 (inlusere,
705 4007 835 4070 natione
872 4006 1056 4085 Romanus,
1094 4028 1137 4069 ex
1248 4028 1324 4072 xrrr.
1356 4006 1522 4087 Caursrvs,
1559 4007 1690 4069 natione
1727 4005 1910 4087 Romanus,
1948 4026 1993 4069 cx

338 4114 429 4191 patre
445 4106 601 4187 Domitio,
624 4106 665 4171 de
686 4110 819 4193 regione
836 4109 926 4174 Urbe
943 4110 1135 4174 Reuenuan·
1162 4110 1165 4177 Ι
1190 4120 1282 4195 patre
1306 4110 1461 4181 Domitio,
1486 4108 1526 4172 de
1551 4110 1684 4195 regione
1701 4109 1790 4174 Urbe
1813 4110 1989 4174 Rabenna-

339 4211 427 4292 tium,
444 4208 528 4272 sedit
543 4230 617 4275 arrn.
632 4210 682 4274 Vl
705 4233 806 4277 mens.
824 4212 857 4276 II
880 4212 949 4278 dics
965 4212 1024 4276 XI.
1063 4212 1137 4276 Fuit
1190 4216 1286 4289 tium,
1317 4213 1401 4277 sedit
1432 4234 1483 4277 an.
1500 4214 1528 4275 V
1554 4234 1655 4277 inens.
1672 4213 1721 4276 XI
1744 4213 1813 4277 dics
1828 4212 1871 4278 X.
1915 4212 1991 4277 Fuit

338 4312 538 4399 temporibus
570 4311 705 4378 lllacrini
738 4326 772 4379 et
805 4315 1083 4396 Tlreodoliobolli,
1117 4337 1137 4379 a
1191 4326 1299 4382 autom
1338 4317 1536 4401 temporibus
1576 4316 1689 4381 Ilarini
1725 4328 1760 4381 et
1793 4316 1991 4381 Theodolio-

338 4415 505 4479 eonsolatu
522 4416 677 4481 Antonini
694 4427 728 4482 et
743 4418 932 4484 Alexandri.
972 4419 1035 4483 Ilic
1051 4441 1136 4483 mar-
1190 4422 1274 4502 billi,
1304 4443 1322 4485 a
1353 4420 1519 4485 consolatu
1556 4422 1710 4485 Antonini
1741 4429 1774 4485 et
1802 4420 1992 4485 Alexandri.

339 4521 423 4605 tyrio
443 4534 625 4587 coronatur.
669 4522 734 4586 llic
756 4524 920 4588 coustituit
942 4522 1059 4587 ieiunio
1084 4522 1137 4588 die
1191 4526 1344 4611 blurtyrio
1362 4532 1542 4588 coronatur.
1580 4524 1644 4588 Ilie
1659 4525 1823 4589 constituit
1838 4525 1992 4589 ieiunium

339 4623 466 4687 sabbati
490 4631 540 4688 ter
562 4626 594 4688 in
616 4646 699 4689 rtrrno
722 4627 802 4708 fieri,
826 4627 1081 4701 lr·u1ncnto.vini
1105 4636 1138 4690 ot
1191 4630 1318 4694 sabbati
1341 4637 1391 4692 tor
1412 4629 1443 4693 in
1467 4649 1549 4692 anno
1571 4629 1656 4709 lieri,
1680 4628 1847 4712 frumenti,
1870 4629 1934 4693 sini
1958 4635 1993 4691 et

339 4728 402 4791 olei
434 4726 611 4793 secuudum
644 4730 836 4815 proplietam
872 4732 975 4819 quarti
1009 4732 1137 4811 rurensis,
1192 4733 1256 4796 olei
1285 4730 1461 4796 secundum
1491 4732 1695 4818 prophetiam
1721 4732 1835 4818 quarti,
1860 4731 1992 4818 septimi

338 4833 467 4918 septimi
490 4840 524 4897 et
546 4831 672 4898 decimi.
1081 4886 1084 4891 .
1192 4844 1226 4900 ct
1248 4835 1365 4900 decimi
1389 4835 1517 4899 mensis.

1191 4947 1254 5013 llic
1277 4948 1354 5012 fecit
1376 4946 1541 5011 basilicam
1558 4954 1645 5010 nans
1661 4946 1816 5033 Tyberim
1840 4954 1873 5012 et
1888 4948 1989 5012 cime-

1192 5053 1307 5116 terium
1330 5052 1383 5115 ria
1404 5049 1523 5138 Appia,
1547 5051 1601 5135 qui
1624 5051 1740 5116 dieitur
1762 5051 1893 5116 Galiste.

340 5162 402 5234 Qui
433 5161 579 5245 sepultus
607 5167 656 5224 cst
684 5162 850 5246 cymiterio
880 5162 1055 5247 tulopodi.
1087 5164 1137 5227 via
1193 5164 1255 5237 Qui
1279 5165 1378 5228 etiam
1402 5164 1547 5249 sepultus
1577 5178 1626 5226 est
1653 5165 1684 5227 in
1714 5164 1871 5229 cimiterio
1895 5161 1991 5227 Gale-

340 5264 481 5331 Aurclia.
506 5266 643 5329 miliario
664 5264 724 5345 III,
748 5266 829 5351 prid.
853 5266 1029 5330 idlletob.
1076 5266 1138 5331 llic
1193 5267 1288 5354 pedi,
1323 5268 1375 5331 ria
1397 5267 1547 5348 Aurelia,
1582 5267 1718 5330 miliario
1741 5267 1807 5331 Ill.
1842 5267 1923 5353 prid.
1948 5266 1992 5332 id.

338 5367 416 5431 fecit
438 5366 657 5432 ordinationes
674 5368 702 5429 V
1193 5372 1308 5437 Octob.
1353 5370 1415 5433 llic
1438 5372 1514 5435 lecit
1538 5369 1755 5434 ordinationes
1771 5369 1812 5448 V,

339 5500 399 5564 per
419 5502 522 5545 mens.
545 5480 714 5561 Decemb,

339 5592 445 5676 presb.
463 5592 553 5673 XVI,
577 5593 658 5657 diae
675 5592 753 5675 Illl,
778 5594 948 5679 episcopos
978 5616 1036 5679 per
1069 5598 1137 5661 lora
1193 5598 1299 5681 presb.
1313 5593 1403 5667 XVI,
1420 5595 1501 5659 (litte.
1519 5594 1595 5661 lllI.
1612 5595 1781 5681 «piscopos
1793 5594 1886 5659 VIII.
1909 5594 1989 5659 Ces·

340 5694 430 5759 VIII.
477 5694 605 5767 Quietit
630 5697 834 5783 episcopatus
857 5697 927 5761 dies
944 5697 999 5763 VI.
1194 5705 1275 5767 sarrit
1298 5705 1505 5789 episcopatus
1529 5697 1599 5761 dies
1623 5698 1713 5763 XVI.
