4658 6576
923 455 1210 513 PROLXGOMENA.
1759 457 1902 514 CXXXIII

240 627 493 693 contammatum
523 628 710 714 exemplum
739 628 903 709 formatis,
930 630 978 694 ita
1009 631 1108 695 etiam
1130 630 1231 695 libros
1252 629 1337 695 eE‘
1359 630 1480 716 passim
1507 629 1615 695 facere
1638 652 1711 696 cum
1735 632 1838 697 classe
1862 652 1903 697 ea

239 732 415 797 laterculus
444 731 586 797 ostendit
612 753 709 819 supra
738 754 770 819 p.
788 731 899 798 CXXI
914 755 983 821 seq.
1006 734 1191 821 propositus
1221 735 1369 800 vitiorum
1399 735 1510 799 classis
1533 733 1694 799 secundas
1717 757 1837 821 magna
1859 757 1903 801 ex

240 841 334 922 parte
356 836 573 901 communium
597 837 691 902 classi
714 837 745 901 ei
767 857 840 902 cum
863 839 969 921 tertis,
994 859 1067 903 cum
1091 859 1110 902 e
1133 840 1293 903 contrario
1318 859 1361 903 ex
1383 839 1468 904 vitiis
1491 839 1586 903 classi
1613 839 1739 924 primae
1763 840 1902 926 propriis

241 940 371 1025 grarim
392 941 515 1006 nullum
537 939 652 1006 redeat
673 941 707 1005 in
729 941 820 1006 libris
837 943 965 1007 tertiae.
1009 941 1126 1007 Potest
1141 942 1278 1007 fortasse
1293 943 1427 1008 ulterius
1442 941 1578 1029 procedi
1598 943 1791 1008 examinatis
1806 943 1902 1008 histi-

239 1045 302 1111 bue
323 1044 510 1113 hiatuumvo
532 1044 678 1131 vestigiis
701 1047 924 1111 communibus
948 1046 1043 1110 classi
1065 1045 1228 1112 secundae
1251 1047 1445 1133 tertiaeque.

417 1151 471 1232 48,
487 1175 512 1214 ιι
535 1149 590 1235 qui
611 1154 732 1235 praest.
757 1149 815 1214 sol.
837 1151 872 1215 lu
894 1149 1030 1215 fundum
1052 1149 1134 1215 duas
1158 1170 1250 1215 casae
1274 1156 1296 1215 t
1320 1171 1345 1217 s.
1370 1170 1428 1215 om.
1446 1149 1481 1214 Ε
1488 1150 1543 1198 ¹⁹⁴
1560 1171 1634 1214 cam
1648 1149 1713 1215 13³⁹

420 1255 472 1336 56,
486 1277 511 1317 ιι
532 1257 654 1339 praest.
677 1253 736 1320 sol.
760 1252 812 1318 dcl
834 1276 876 1319 m.
899 1255 1089 1341 sulphorata
1111 1259 1133 1319 t.
1156 1277 1187 1318 n.
1211 1275 1270 1318 om.
1288 1254 1371 1319 ΕΜ
1387 1276 1460 1319 cum
1476 1253 1526 1319 Β8

419 1358 472 1440 62,
487 1381 512 1421 ιι
533 1357 696 1443 possessio
712 1358 871 1444 nymphas
894 1409 902 1422 .
920 1408 928 1424 .
945 1407 953 1424 .
977 1384 1002 1424 ιι
1018 1361 1149 1424 ciuitate
1166 1359 1279 1423 falisca
1294 1379 1353 1423 om.
1369 1357 1430 1442 B⁴,
1446 1361 1662 1439 transponant
1680 1360 1807 1420 mutata
1821 1354 1856 1419 E
1865 1357 1904 1396 ¹⁰⁸

421 1462 474 1543 88,
491 1485 517 1525 a
538 1480 629 1525 amas
652 1481 681 1526 a.
705 1483 737 1548 p.
760 1482 784 1525 s.
807 1462 829 1526 l.
844 1484 891 1526 xx
913 1482 971 1527 om.
988 1462 1075 1546 ΒΜ,
1098 1467 1314 1543 baaspoaaat
1329 1461 1416 1525 ΕΜ

419 1567 473 1647 95,
488 1589 512 1629 ιι
535 1562 578 1628 sd
600 1564 734 1629 beatum
756 1565 888 1651 paulum
912 1613 972 1632 ...
995 1593 1020 1631 ιι
1042 1566 1099 1633 lib.
1123 1567 1255 1631 nicenae
1277 1587 1337 1631 om.
1354 1565 1391 1629 E
1399 1566 1438 1605 Μ
1452 1586 1525 1629 cam
1539 1564 1589 1630 B·

422 1670 476 1750 97,
492 1694 517 1732 ιι
540 1668 658 1733 calices
680 1669 755 1734 min.
780 1670 886 1735 eunii
908 1690 940 1755 p.
965 1691 990 1735 s.
1013 1669 1069 1735 lib.
1093 1670 1237 1756 singulae
1260 1689 1318 1734 cm.
1337 1668 1420 1733 E1⁸⁸
1435 1689 1508 1734 cum
1522 1667 1573 1732 B*

244 1788 429 1854 Secundum
450 1788 534 1855 haec
562 1788 691 1855 videtur
721 1791 891 1877 exemplar
911 1790 965 1874 id,
988 1812 1008 1856 a
1032 1812 1095 1879 quo
1126 1791 1272 1878 pendent
1303 1791 1376 1855 libri
1405 1792 1505 1855 nostri
1532 1790 1626 1873 GE‘,
1659 1810 1724 1855 non
1753 1789 1906 1854 babuisse

244 1893 297 1959 vel
318 1892 360 1957 ad
382 1893 562 1977 marginem
585 1893 737 1958 babuisse
761 1915 845 1980 quae
868 1894 987 1959 absunt
1011 1895 1206 1959 afueruntre
1229 1916 1249 1958 a
1271 1895 1361 1959 libris
1376 1893 1426 1958 Β8
1450 1901 1484 1959 et
1507 1894 1568 1976 13⁴,
1595 1895 1629 1958 in
1651 1894 1701 1958 his
1724 1899 1841 1979 postea
1864 1912 1907 1956 ex

244 2001 337 2082 parte
360 1997 503 2082 expleta.
548 1996 601 2062 Ad
623 1996 769 2063 codicem
789 1996 835 2061 0³
858 1998 941 2063 haec
963 2019 1028 2063 non
1053 1999 1257 2084 perveniunt,
1281 2005 1315 2062 et
1338 2004 1447 2084 potest
1469 1999 1538 2062 eius
1563 1997 1775 2082 archetypum
1793 2016 1905 2082 quam-

244 2121 341 2186 quam
363 2101 475 2166 classis
497 2101 660 2167 secundae
684 2107 718 2166 et
738 2102 860 2188 ipsum,
891 2107 1026 2167 eatenus
1056 2102 1097 2165 ab
1129 2103 1309 2188 archetypo
1331 2103 1487 2167 librorum
1506 2099 1590 2165 GE‘
1612 2100 1774 2165 diversum
1798 2100 1906 2164 fuisse.

349 2220 488 2287 Praeter
502 2222 587 2288 hunc
602 2224 719 2288 librum
735 2224 884 2288 librarius
900 2224 1060 2310 princeps,
1083 2244 1103 2287 a
1125 2245 1188 2310 quo
1205 2223 1349 2310 pendent
1365 2223 1582 2303 contaminati,
1601 2221 1747 2287 adhibuit
1762 2221 1907 2286 codicem

248 2325 379 2411 originis
407 2325 566 2391 diversae.
615 2326 697 2392 Inde
725 2348 809 2414 quae
840 2327 1033 2414 adsumpsit,
1060 2329 1094 2392 in
1125 2329 1270 2412 margine
1304 2349 1377 2392 eum
1407 2327 1613 2393 adnotarisse
1637 2326 1835 2412 exemplaris
1858 2325 1908 2389 sui

245 2429 365 2514 sumpti
391 2449 434 2494 ex
461 2430 565 2495 classe
594 2430 751 2514 secunda,
781 2430 922 2495 ostendit
951 2437 1060 2496 textus
1088 2432 1280 2516 plerumque
1310 2429 1432 2495 faciens
1462 2450 1534 2495 cum
1558 2450 1599 2494 ea
1621 2430 1720 2494 etlam
1742 2431 1775 2494 in
1808 2429 1908 2495 falsis.

244 2530 394 2618 Denique
417 2533 490 2598 libri
514 2535 712 2619 complures,
734 2535 768 2597 in
791 2534 840 2598 his
857 2534 1083 2617 Farnesianus,
1108 2533 1399 2619 dittographiarum
1421 2534 1560 2618 vestigia
1583 2553 1646 2597 non
1671 2554 1744 2598 rara
1767 2538 1908 2598 servant.

245 2634 424 2702 Videamus
439 2637 548 2722 igitur,
571 2638 660 2702 cuius
675 2638 805 2724 generis
821 2637 967 2704 codicem
983 2639 1219 2703 contaminator
1234 2635 1451 2723 adsumpserit
1472 2642 1505 2702 et
1520 2636 1683 2723 quomodo
1706 2638 1907 2723 propositum

247 2740 419 2825 peregerit

349 2842 504 2909 Oodicem
528 2865 602 2909 eum
625 2845 842 2932 adsumpsisse
864 2847 989 2932 primae
1014 2846 1135 2928 classis,
1157 2845 1192 2910 id
1215 2846 1302 2933 quod
1326 2847 1438 2911 statuit
1455 2846 1671 2929 Duchesnius‚
1694 2846 1783 2910 nullo
1807 2843 1905 2910 modo

247 2952 355 3033 potest
377 2946 517 3023 admitti;
542 2970 618 3014 nam
641 2950 743 3014 multa
766 2949 885 3014 adiecit
908 2951 1036 3015 omnino
1060 2951 1217 3037 genuina,
1241 2971 1325 3036 quae
1356 2951 1397 3015 ab
1431 2952 1499 3015 eius
1523 2949 1643 3015 ordinis
1664 2950 1755 3014 libris
1778 2949 1905 3014 absunt.

247 3049 390 3134 lIInora,
421 3058 457 3116 ut
487 3051 693 3118 donariorum
725 3054 968 3140 supplementa,
1001 3060 1134 3141 possunt
1162 3054 1262 3119 fuisse
1285 3055 1317 3118 in
1341 3055 1522 3140 exemplari
1544 3054 1654 3119 classis
1678 3054 1747 3118 eius
1769 3051 1909 3117 Lucensi

249 3161 359 3221 nostro
381 3158 633 3242 praestantiore;
657 3156 717 3222 sed
734 3159 901 3223 enuntiata
923 3180 988 3224 non
1010 3179 1116 3245 pauca
1137 3159 1171 3223 in
1187 3159 1337 3245 epitomis
1353 3158 1524 3225 redeuntia
1540 3159 1609 3224 sine
1628 3157 1725 3223 dubio
1742 3177 1785 3221 ex
1800 3161 1911 3221 nostra

249 3259 353 3325 classe
374 3261 480 3347 prims
502 3282 568 3327 non
591 3260 781 3326 exciderunt
804 3262 898 3349 culpa
920 3262 1135 3328 librariorum.

351 3379 511 3468 Epitomis
532 3383 609 3469 ipsis
624 3403 688 3446 non
703 3384 807 3468 magis
822 3404 900 3447 usus
916 3389 975 3464 est,
991 3404 1067 3448 nam
1084 3404 1278 3470 quamquam
1302 3383 1421 3468 passim
1445 3383 1737 3448 contaminatorum
1751 3382 1910 3446 lectiones

248 3483 371 3570 probae
395 3507 467 3551 cum
491 3486 528 3550 iis
551 3486 763 3568 consentiunt,
787 3485 881 3571 plura
902 3485 993 3551 dedit
1016 3488 1251 3551 contaminator
1272 3487 1305 3551 in
1328 3487 1486 3572 epitomas
1508 3506 1571 3550 non
1593 3489 1736 3570 recepta.

352 3604 461 3672 Unum
483 3608 582 3693 igitur
600 3612 750 3693 superest
773 3606 959 3672 athbuisee
983 3627 1058 3672 eum
1082 3608 1252 3692 exemplar
1279 3612 1335 3671 sut
1362 3607 1462 3693 ipsius
1489 3605 1687 3670 recensionis
1710 3604 1824 3690 prioris
1848 3608 1908 3667 aut

250 3714 338 3773 certe
366 3709 443 3775 inde
473 3710 628 3798 pendens.
681 3709 731 3775 Ea
766 3731 838 3776 cum
872 3712 975 3776 multo
1004 3713 1109 3796 magis
1140 3711 1319 3776 consentiat
1346 3731 1418 3775 cum
1447 3711 1549 3775 classe
1577 3710 1681 3795 prIma
1709 3728 1806 3795 quam
1837 3727 1910 3771 cum

249 3813 363 3895 altera,
385 3834 470 3899 quae
492 3815 526 3878 in
548 3815 774 3879 contaminatis
797 3836 870 3879 cum
893 3815 949 3879 illa
971 3815 1186 3894 conveniunt,
1208 3814 1329 3900 pariter
1352 3834 1395 3878 ex
1418 3815 1521 3900 prima
1554 3811 1696 3877 editione
1719 3812 1789 3898 peti
1812 3817 1906 3896 potu·

250 3922 355 3981 erunt
399 3916 528 3983 Deinde
551 3925 640 3983 recte
664 3918 710 3981 sic
733 3918 914 4003 explicatur
930 3938 1104 3983 consensus
1122 3918 1413 3983 contaminatorum
1430 3938 1503 3983 cum
1520 3917 1671 4003 epitomis
1694 3921 1728 3981 et
1748 3916 1782 3979 in
1798 3914 1911 4000 spatiis

250 4021 496 4108 episcopatuum
529 4027 562 4087 et
589 4023 622 4087 iu
650 4020 879 4086 additamentis
906 4028 940 4087 et
966 4022 1128 4087 interdum
1158 4023 1256 4087 etiam
1281 4021 1351 4107 (93,
1366 4021 1405 4107 ιι)
1428 4022 1461 4086 in
1490 4021 1596 4086 forma
1619 4020 1811 4093 verborum;
1843 4018 1912 4103 cpi·

250 4128 360 4190 tomae
384 4125 471 4191 enim
494 4126 600 4190 iactae
624 4131 697 4190 sunt
720 4124 762 4189 ad
785 4125 962 4191 editionem
984 4127 1137 4212 priorem.

352 4245 459 4333 Ipsius
497 4246 647 4313 editionis
684 4247 799 4332 prioris
831 4248 963 4333 plenum
1004 4248 1191 4334 exemplum
1232 4247 1287 4312 vix
1323 4246 1437 4310 habuit
1474 4246 1719 4311 contaminator.
1781 4241 1912 4307 Abeunt

251 4350 337 4415 enim
364 4369 385 4415 a
412 4350 515 4416 classe
549 4352 646 4415 tertis
674 4350 835 4437 quaedam
865 4353 987 4417 omissa
1016 4353 1049 4416 in
1082 4352 1224 4437 epitome
1256 4358 1409 4437 utraque,
1442 4349 1501 4414 scd
1525 4349 1694 4436 adipsum
1716 4346 1914 4412 recensionis

250 4454 365 4541 prioris
393 4461 560 4520 auctorem
587 4454 770 4521 referenda.
814 4455 867 4519 Ita
895 4477 939 4520 ex
960 4457 1040 4521 Iocis
1063 4455 1189 4521 duobus
1219 4454 1261 4519 de
1284 4455 1367 4519 Lino
1400 4459 1434 4518 et
1456 4451 1550 4518 Gleto
1575 4455 1618 4534 (3,
1634 4475 1656 4516 ι.
1682 4455 1711 4528 7,
1727 4455 1753 4532 ι)
1775 4450 1914 4514 alterum

252 4557 403 4623 omittunt
427 4566 494 4624 tam
513 4559 561 4626 0³
585 4581 682 4647 quam
697 4559 762 4640 E‘,
790 4560 929 4624 alterum
961 4561 1016 4624 ille
1051 4560 1156 4640 solue,
1186 4559 1425 4623 consentientes
1452 4559 1484 4622 in
1515 4577 1555 4622 ea
1585 4577 1620 4621 rs
1649 4576 1723 4619 cum
1753 4553 1913 4640 epitomis,

252 4661 410 4747 aquibus
431 4662 563 4734 absunt
586 4664 738 4728 omittunt
752 4663 830 4727 item
850 4663 921 4728 aliie
938 4663 1017 4728 Iocis
1040 4662 1108 4748 (74,
1124 4687 1145 4726 ι.
1171 4664 1223 4742 83,
1239 4662 1279 4743 ιι)
1301 4661 1426 4725 minora
1449 4659 1621 4746 quaedam,
1645 4678 1729 4745 quae
1752 4658 1832 4722 item
1855 4655 1911 4721 ab·

253 4771 327 4829 sunt
352 4764 395 4829 ab
419 4766 586 4851 epitomis,
609 4765 725 4831 adsunt
746 4767 780 4830 in
803 4767 1048 4853 exemplaribus
1071 4766 1268 4831 recensionis
1291 4765 1411 4851 plenae
1434 4764 1593 4828 omnibus.
1639 4763 1754 4827 Potest
1777 4780 1914 4825 consen-

253 4889 307 4932 sus
330 4869 516 4935 etiamalio
540 4869 636 4935 modo
659 4871 829 4956 explicari:
852 4872 1059 4937 nibilominus
1082 4870 1253 4958 probabile
1282 4875 1333 4934 est
1361 4868 1411 4933 his
1439 4867 1520 4932 locis
1543 4865 1687 4952 pendere
1714 4864 1913 4928 contamina·

254 4978 359 5037 torem
383 4992 426 5037 ex
450 4974 594 5059 epitoma
615 4975 772 5060 pleniore,
796 4977 885 5040 ouius
907 4997 1006 5062 supra
1028 4976 1073 5063 (p.
1090 4974 1184 5041 XIV.
1207 4973 1302 5039 OXII
1315 4972 1401 5060 seq.)
1426 4971 1627 5038 ostendimus
1651 4970 1731 5035 duae
1755 4990 1812 5035 eae
1835 4988 1915 5055 quas

253 5073 412 5141 habemus
435 5097 507 5142 esee
530 5077 700 5143 brederio.
737 5077 887 5156 Accedit,
910 5079 944 5145 id
968 5079 1055 5167 quod
1078 5079 1180 5144 maius
1202 5082 1402 5142 momentum
1425 5075 1537 5155 habet,
1562 5074 1650 5162 quod
1672 5080 1746 5161 post
1769 5077 1915 5139 aetatem

253 5177 544 5245 Theodericianam
566 5182 676 5247 classis
706 5183 822 5247 tertiae
853 5184 1056 5270 exemplaria
1085 5182 1281 5248 recensionis
1311 5200 1331 5244 s
1361 5181 1457 5245 solita
1480 5178 1627 5244 diversae
1657 5177 1797 5261 vestigia
1825 5180 1915 5239 certa

253 5283 341 5348 nulla
362 5276 581 5370 suppeditant.
626 5284 700 5351 Hoc
721 5292 811 5351 recte
839 5287 1065 5374 explicabitur,
1089 5287 1146 5351 nbi
1169 5304 1335 5349 sumemus
1359 5285 1525 5370 epitomen
1547 5283 1704 5346 maiorem
1728 5281 1848 5345 factam
1874 5276 1916 5342 sd

252 5386 480 5472 explicandum
502 5409 616 5475 corpus
637 5389 950 5455 Sanctimaurianum
973 5411 1038 5455 non
1053 5390 1242 5477 pervenisse
1266 5386 1309 5452 ad
1324 5394 1474 5473 tempora
1490 5384 1697 5450 Theoderico
1721 5383 1912 5470 posteriora.

355 5505 600 5575 Oontaminator
633 5531 748 5596 corpus
780 5513 916 5576 vitarum
951 5512 1114 5599 quomodo
1147 5509 1294 5575 tractarit
1322 5509 1349 5572 si
1382 5508 1584 5594 quaerimus,
1613 5506 1719 5570 nullus
1749 5524 1792 5567 ex
1828 5502 1918 5567 libris

254 5631 351 5698 supra
383 5613 488 5678 citatis
522 5614 609 5679 solue
642 5615 774 5698 sufficit,
802 5637 863 5681 nec
890 5617 1006 5703 potuit.
1061 5615 1146 5680 Nam
1174 5615 1243 5679 sinc
1277 5611 1377 5677 dubio
1408 5632 1485 5676 usus
1514 5607 1757 5696 exemplaribus
1791 5605 1918 5672 duobus

252 5711 296 5779 ad
319 5716 369 5781 eui
391 5716 572 5803 marginem
594 5717 737 5785 diversas
759 5721 918 5787 lectiones
933 5721 1055 5806 passim
1070 5719 1239 5786 adnotavit
1258 5716 1336 5783 inde
1354 5718 1443 5782 varic
1466 5715 1640 5779 tramlatas
1662 5714 1696 5778 in
1713 5709 1919 5799 exemplaria
