4658 6576
984 446 1200 503 salvom
1854 450 1916 512 ²57

552 618 778 676 FELIOIANA
1404 617 1642 675 OONONIANA

263 727 351 812 regis
381 725 585 791 Theoderici.
637 724 700 799 Qui
730 725 805 790 dum
829 727 1063 813 pervenissent,
1118 726 1204 810 regis
1231 725 1435 790 Theoderici.
1491 722 1653 797 Quicum
1684 727 1917 811 pervenissent,

262 828 324 892 hec
356 827 531 894 iudicatum
565 831 737 916 aequitatis
770 832 908 905 invenit,
941 838 976 894 ut
1010 830 1064 916 qui
1117 829 1179 894 hoc
1223 828 1374 893 iudicium
1413 829 1565 916 equitatis
1606 830 1744 911 invenit,
1790 837 1825 894 ut
1864 832 1917 916 qui

263 933 352 1017 prior
370 931 535 997 ordinatus
551 934 665 998 fuisset
684 935 737 999 vel
752 934 808 998 ubi
830 956 906 1020 pars
921 935 1063 998 maxima
1116 935 1204 1020 prior
1220 933 1385 997 ordinatus
1401 933 1514 996 fuisset
1536 933 1588 996 vel
1606 933 1661 997 ubi
1683 954 1758 1019 pars
1773 934 1917 997 maxima

263 1038 515 1119 consentiretur,
549 1038 619 1123 ipse
654 1034 776 1101 sederit
808 1037 841 1100 in
877 1036 954 1100 sede
983 1057 1062 1121 ape·
1117 1037 1366 1117 consentiretur,
1399 1038 1469 1122 ipse
1503 1034 1634 1100 sederet
1667 1038 1699 1101 in
1728 1037 1807 1103 sede
1837 1057 1916 1121 ape·

263 1139 393 1213 stelica;
407 1139 494 1226 qued
506 1147 616 1205 tamen
629 1141 776 1226 aequitas
789 1141 822 1205 in
834 1139 1062 1228 Symmachum
1117 1141 1243 1214 stolica;
1262 1160 1325 1226 que
1339 1147 1448 1205 tamen
1470 1141 1617 1227 aequitas
1633 1141 1667 1205 in
1687 1139 1916 1228 Symmachum

262 1242 385 1307 invenit
1115 1246 1246 1310 invenit.

263 1368 296 1427 et
319 1364 460 1448 cognitio
475 1365 632 1448 veritatis,
655 1370 690 1429 et
712 1364 771 1428 fuit
791 1364 922 1450 praesul
947 1364 1062 1428 beatus

261 1464 483 1552 Symmachus.

263 1584 389 1651 Eodem
413 1593 560 1674 tempero
583 1610 670 1675 papa
692 1587 903 1675 Symmachus
1117 1592 1207 1656 Tune
1229 1592 1344 1656 beatus
1367 1587 1579 1674 Symmachus
1601 1608 1688 1673 papa

261 1707 339 1772 feeit
361 1708 484 1794 synodo
509 1716 542 1774 et

264 1829 428 1893 constituit
455 1830 665 1894 Laurentium
698 1832 731 1895 in
760 1829 899 1895 Neeeria
933 1831 1062 1893 civitate
1116 1832 1280 1897 constituit
1290 1831 1500 1894 Laurentium
1514 1831 1700 1915 episcopum
1712 1827 1916 1893 inNueheria

262 1933 460 2019 episcopum,
483 1935 599 1998 intuitu
615 1933 865 1999 misericordiae.
902 1933 983 1997 Post
1005 1953 1061 1995 an·
1116 1936 1256 2015 civitate,
1279 1935 1395 1998 iutuitu
1417 1931 1656 1997 misericordiae
1715 1931 1792 1996 Post
1815 1952 1916 1995 annos

261 2055 320 2099 nos
343 2057 419 2101 vero
443 2037 520 2119 ΗΠ,
544 2039 613 2102 zelo
1116 2061 1193 2105 vero
1210 2038 1288 2120 IIH,
1312 2038 1381 2102 zelo

262 2161 296 2220 at
318 2155 392 2221 dole

263 2275 349 2342 ducti
381 2279 479 2364 aliqui
508 2299 551 2343 ex
578 2279 664 2343 clero
695 2285 729 2344 et
757 2280 855 2366 aliqui
885 2297 928 2342 ex
950 2283 1062 2341 senato
1117 2264 1204 2329 ducti
1233 2263 1330 2349 aliqui
1359 2283 1401 2326 ex
1429 2262 1516 2326 clero
1545 2268 1579 2325 et
1607 2261 1706 2347 aliqui
1735 2264 1917 2325 exsenatu

261 2381 464 2445 incriminant
486 2381 715 2469 Symmachum
1115 2368 1317 2432 incriminant
1340 2365 1584 2452 Symmachum

262 2507 296 2565 ot
319 2501 496 2567 subumant
518 2510 619 2570 testes
643 2505 751 2586 falsos,

262 2642 342 2707 quos
365 2624 521 2689 misenmt
1115 2626 1270 2691 miserunt

261 2741 451 2809 Ravennam

261 2863 304 2928 ad
332 2885 444 2950 regem
474 2862 713 2930 Theodericum
741 2866 937 2945 hereticum,
966 2886 1060 2929 accu-
1115 2866 1157 2930 ad
1193 2885 1306 2950 regern
1344 2865 1547 2930 Theoderico
1587 2862 1783 2947 hereticum,
1820 2885 1914 2928 aecu-

261 2975 370 3033 santes
408 2968 540 3033 beatum
580 2967 825 3054 Symmachum
864 2975 897 3033 et
935 2969 1060 3033 occulte
1115 2978 1223 3034 santes
1262 2970 1395 3034 beatum
1433 2968 1676 3055 Symmachum
1719 2975 1753 3033 et
1791 2968 1915 3033 occulte

261 3077 416 3136 revocant
437 3070 648 3136 Laurentium
671 3072 826 3139 Romam:
858 3079 892 3137 et
914 3074 1061 3137 fecenmt
1114 3080 1267 3139 revocant
1295 3073 1506 3138 Laurentium
1529 3071 1683 3143 Romam;
1712 3079 1745 3137 et
1769 3073 1914 3136 lecerunt

261 3174 401 3239 schisma
424 3181 458 3239 et
480 3181 714 3261 separaverunt
736 3196 771 3240 se
1114 3179 1262 3244 seismam
1286 3184 1320 3241 et
1342 3183 1575 3263 separaverunt
1597 3196 1632 3240 se

260 3296 302 3360 ab
324 3296 462 3361 invicem

259 3437 334 3502 pars
357 3415 465 3501 aliqua
487 3436 507 3479 a
529 3417 753 3481 communione
778 3414 974 3502 Symmachi,
1112 3441 1187 3507 pars
1210 3419 1320 3504 aliqua
1342 3438 1362 3481 a
1384 3417 1608 3482 communione
1632 3414 1829 3502 Symmachi,

259 3529 429 3594 mittentes
450 3529 641 3595 relationem
664 3529 745 3614 regi,

260 3648 294 3706 ct
315 3646 430 3727 petunt
452 3661 472 3704 a
494 3661 573 3726 rege
596 3640 798 3706 Theoderico
823 3641 1021 3704 visitatorem
1112 3650 1261 3731 petentes
1284 3663 1304 3706 a
1326 3662 1406 3726 rege
1430 3640 1573 3705 heretice
1597 3641 1794 3705 visitatorem

258 3753 345 3818 sedis
367 3752 545 3839 apostolice

259 3866 393 3930 Petrum
410 3864 621 3929 Altinantem.
666 3863 792 3929 Eodem
815 3872 962 3948 tempore
978 3863 1057 3928 bea·
1112 3869 1245 3933 Petmm
1283 3867 1463 3933 Altinatim.
1530 3864 1620 3928 Tunc
1664 3864 1779 3928 beatus
1817 3862 1910 3949 Sym·

260 3977 310 4034 tus
325 3969 539 4055 Symmachus
551 3969 762 4053 congregavit
774 3969 944 4054 episcopos
956 3965 1058 4047 CXV,
1112 3972 1245 4037 machus
1284 3971 1495 4056 congregavit
1535 3969 1704 4054 episcopos
1740 3967 1841 4032 CXV.
1881 3973 1914 4031 et

261 4079 294 4136 et
324 4073 410 4137 facte
440 4071 563 4156 synodo
592 4080 748 4157 purgatur
779 4073 952 4137 acrimine
977 4072 1059 4137 salso
1112 4078 1200 4141 facte
1230 4075 1353 4163 synodo
1381 4079 1538 4159 purgatur
1567 4092 1587 4134 a
1614 4071 1746 4135 crimine
1775 4071 1856 4134 salse
1881 4077 1914 4133 et

260 4181 294 4240 et
316 4173 487 4240 damnatur
513 4174 628 4239 Petrus
650 4175 800 4241 Altinans
1112 4180 1284 4245 damnatur
1306 4178 1421 4243 Petrus
1448 4175 1573 4241 Altinae

259 4295 388 4360 invasor
410 4294 497 4359 sedis
520 4295 717 4381 apostelicae

260 4420 293 4478 et
315 4413 508 4480 Laurentius
531 4416 719 4483 Nocerinus.
1114 4428 1147 4486 et
1168 4419 1362 4484 Laurentius
1385 4417 1580 4490 Nucerinus;

259 4536 351 4601 Tunc
378 4536 420 4601 ab
450 4537 598 4602 omnibus
630 4537 790 4623 episcopis
814 4543 848 4601 et
869 4540 1059 4624 presbiteris

259 4646 294 4706 et
327 4639 469 4705 diaconis
504 4647 537 4705 et
571 4641 657 4706 olere
690 4639 953 4729 reddintegratur
980 4643 1058 4709 sede

259 4744 459 4831 apostolicae
483 4742 599 4809 beatus

260 4863 473 4950 Symmachus
510 4886 582 4929 curn
625 4865 760 4950 gloriam
798 4865 885 4952 apud
927 4866 1059 4932 beatum
1113 4864 1325 4952 Symmachus
1348 4886 1425 4930 vere
1449 4886 1521 4930 eum
1543 4885 1661 4950 magno
1685 4864 1807 4929 honore
1831 4863 1915 4927 sedit

259 4968 393 5032 Petrum
416 4965 531 5031 sedere
558 4970 698 5054 praesul.
1113 4970 1248 5037 insede
1272 4991 1339 5036 sua.

1117 5091 1208 5156 Tunc
1219 5090 1335 5155 Festus
1351 5091 1503 5177 patricius
1519 5090 1605 5176 cepit
1619 5089 1703 5153 intra
1718 5089 1798 5153 urbe
1816 5087 1913 5153 cedes

1113 5195 1222 5260 facere
1245 5196 1278 5259 in
1301 5196 1404 5274 clere,
1434 5194 1486 5279 qui
1511 5180 1793 5257 communicabant
1815 5191 1914 5255 beato

1113 5297 1323 5385 Symmacho,
1357 5304 1391 5362 ct
1422 5296 1588 5383 deponens
1615 5295 1767 5360 mulieres
1796 5296 1914 5359 saneti·

1113 5403 1269 5467 moniales
1312 5400 1353 5466 de
1397 5400 1589 5465 habitaculis
1626 5399 1708 5497 suis,
1747 5398 1914 5463 denudans

1112 5525 1226 5571 sexum
1257 5504 1449 5584 femineum,
1478 5501 1598 5569 cedens
1627 5502 1780 5585 fustibus,
1803 5506 1914 5592 ibique

1113 5594 1232 5675 multos
1248 5606 1436 5672 sacerdotes
1449 5605 1576 5673 eccidit.
1612 5607 1689 5672 Fuit
1703 5613 1813 5673 autem
1834 5610 1912 5675 bea-

1113 5719 1166 5779 tus
1188 5710 1401 5799 Symmachus
1429 5730 1450 5776 a
1472 5712 1640 5777 consolatu
1661 5710 1790 5779 Paulini
1810 5735 1914 5803 usque

361 5836 655 5875 ernaaeouvrrrcanrar.
1674 5820 1710 5876 33
