4658 6576
402 430 495 488 cx1v
1093 432 1375 491 Paounoouuus.

404 607 506 672 talem
536 607 651 693 prioris
686 606 884 672 recensionis
911 607 1022 673 nescio
1056 628 1153 694 quam
1185 607 1440 690 restitutionem,
1475 608 1508 673 id
1541 608 1692 695 equidem
1724 630 1789 675 non
1818 630 1889 674 sum
1922 616 2061 675 secutus.

406 709 657 775 Restitutionem
687 710 776 775 illam
803 711 959 776 incertam
989 732 1060 778 esse
1092 718 1126 777 et
1147 712 1350 777 arbitrariam
1374 717 1476 778 totam
1498 712 1569 799 ipse
1594 713 1701 778 editor
1721 718 1758 778 ut
1779 719 1868 779 recte
1890 714 2061 797 intellexit,

407 815 453 879 ita
478 816 636 879 nonsatis
650 815 812 880 intellexit
827 836 901 880 eam
922 837 1053 902 prorsus
1075 838 1187 883 carere
1209 817 1360 883 utilitate.
1397 816 1489 902 Ipsas
1515 817 1675 903 epitomas
1697 817 1883 903 singulatim
1906 815 2062 882 exhibere

405 923 442 982 ut
463 918 599 983 fortuma
622 939 689 984 non
710 925 760 984 est
774 941 1061 1006 supervacaneum,
1084 921 1130 985 ita
1151 921 1242 985 varie
1264 920 1361 985 lectio
1383 940 1449 984 una
1471 925 1522 984 est
1543 940 1651 1007 neque
1672 922 1774 986 ullum
1797 922 1934 986 vitarum
1955 921 2062 985 locum

409 1028 498 1087 recte
522 1023 691 1109 quisquam
714 1025 866 1089 tractabit
887 1025 948 1089 nisi
962 1024 1119 1107 adhibita,
1143 1030 1301 1111 quatenus
1322 1023 1393 1088 fieri
1413 1029 1532 1110 potest,
1548 1026 1736 1091 recensione
1758 1030 1895 1111 utraque
1919 1030 1953 1089 et
1974 1022 2065 1089 veria

407 1127 548 1192 lectione
571 1127 708 1213 integra
1141 1184 1144 1190 .

510 1230 671 1296 Recensio
701 1232 789 1318 prior
816 1232 892 1319 quid
921 1233 1073 1298 habuerit
1099 1234 1153 1298 vel
1178 1253 1243 1298 non
1264 1231 1433 1313 habuerit,
1455 1254 1521 1298 nou
1543 1234 1623 1299 satis
1649 1233 1782 1314 scimus,
1806 1252 1878 1298 cum
1900 1233 2000 1318 plena
2021 1229 2065 1295 ad

409 1356 468 1401 nos
490 1356 556 1400 non
578 1337 779 1421 pervenerit;
802 1342 837 1400 at
860 1337 914 1423 qui
937 1336 1094 1422 expendit
1116 1357 1200 1423 quae
1223 1337 1387 1422 epitomae
1409 1338 1593 1424 receperint
1622 1343 1657 1403 et
1686 1357 1771 1423 quae
1794 1341 1967 1422 praeterea
1989 1354 2062 1400 cum

408 1460 473 1504 non
495 1440 679 1526 receperint
699 1441 733 1504 in
754 1461 890 1527 corpore
914 1442 1010 1527 pleno
1033 1440 1175 1505 adfuisse
1199 1446 1339 1520 constet,
1362 1439 1533 1527 intelleget
1554 1462 1618 1507 non
1639 1443 1775 1506 multum
1798 1439 1970 1506 recessisse
1993 1437 2064 1503 edi-

409 1545 530 1608 tionem
560 1545 701 1630 priorem
731 1543 774 1609 ab
802 1565 842 1609 ea
869 1565 954 1630 quae
983 1550 1141 1631 superest
1185 1543 1372 1609 Adfuerunt
1396 1545 1427 1610 in
1449 1546 1506 1610 illa
1528 1546 1676 1612 laterculi
1699 1544 1921 1626 domnorum,
1946 1562 2062 1629 quam-

410 1667 507 1733 quam
540 1668 597 1712 eos
619 1647 839 1714 breviaturum
863 1651 945 1714 alter
967 1649 1091 1731 omisit,
1114 1647 1260 1713 altered
1282 1669 1386 1734 pauca
1408 1648 1511 1714 verba
1539 1649 1678 1736 redegit.
1722 1647 1909 1713 Adinernnt
1930 1647 2062 1712 omnino

411 1752 465 1816 alii
487 1752 562 1833 loci,
584 1757 620 1816 ut
643 1756 694 1832 77,
712 1779 735 1818 n
759 1752 847 1837 (ride
870 1774 969 1840 supra
991 1775 1022 1839 p.
1040 1751 1180 1837 exul),
1197 1750 1366 1818 evidenter
1386 1773 1451 1817 non
1474 1752 1576 1818 additi
1597 1754 1632 1818 in
1653 1752 1843 1818 recensione
1866 1751 1981 1828 altera,
2006 1748 2066 1815 sed

412 1855 454 1920 ab
478 1856 744 1941 epitomatoribus
759 1859 989 1944 praetermissi.
1032 1857 1246 1921 Diasceuasta
1268 1855 1345 1942 quid
1367 1857 1512 1922 omiserit
1534 1856 1746 1937 addiderim,
1769 1857 1852 1922 inira
1874 1859 2064 1943 quaeretur;

411 1966 599 2025 neutrorum
621 1982 792 2027 numerum
813 1983 967 2048 magnum
989 1962 1088 2027 fuisse
1111 1960 1281 2046 probabile
1306 1967 1364 2025 est
1411 1961 1509 2026 Vitae
1532 1963 1630 2047 longe
1655 1962 1835 2048 pleraeque
1861 1962 1895 2026 in
1918 1959 2069 2046 epitomis

412 2086 514 2152 prope
535 2065 694 2130 accedunt
717 2067 759 2130 ad
781 2067 1003 2132 recensionem
1026 2066 1172 2152 plenam;
1195 2066 1285 2129 solae
1308 2064 1377 2129 fere
1400 2085 1485 2151 quae
1507 2066 1631 2130 habent
1645 2066 1850 2131 narrationes
1864 2064 2069 2152 prolixiores,

413 2175 449 2233 ut
471 2169 595 2234 hiberii
611 2169 818 2257 (XXXVII),
843 2170 1030 2257 Symmachi
1047 2168 1166 2255 (LIII),
1189 2167 1385 2233 Hormisdae
1402 2168 1542 2255 (LlIII),
1566 2170 1723 2235 Iohannis
1739 2170 1755 2233 I
1771 2169 1855 2253 (LV)
1880 2173 2071 2255 comparent

412 2275 447 2339 in
475 2275 655 2360 posteriore
683 2275 788 2340 forma
815 2281 957 2356 mutata,
986 2296 1069 2356 raro,
1093 2279 1247 2360 quantum
1274 2279 1425 2359 apparet,
1449 2280 1538 2338 certo
1568 2275 1677 2360 aliquo
1704 2274 1838 2338 oonsilio
1861 2271 1949 2354 (ride
1973 2292 2071 2356 supra

415 2401 446 2467 p.
463 2376 593 2462 XVIII)
608 2400 670 2444 nec
692 2380 797 2464 magis
820 2378 988 2444 breviandi
1010 2378 1126 2460 studio,
1149 2377 1209 2442 sed
1231 2378 1405 2442 temerarIa
1428 2383 1462 2443 et
1483 2379 1598 2443 inscita
1615 2378 1806 2443 traditorum
1828 2377 2071 2441 instauratione.

417 2485 556 2552 Omnino
581 2504 654 2551 cum
676 2482 805 2548 aliunde
834 2489 960 2548 constet
987 2483 1209 2548 recensionem
1237 2482 1379 2567 priorem
1408 2502 1481 2547 esse
1503 2483 1626 2547 saeculi
1649 2482 1779 2569 septimi
1803 2480 1984 2566 eodemque
2014 2500 2073 2566 per

415 2594 586 2663 intervalla
615 2590 796 2656 confectam
823 2608 895 2652 esse
923 2587 1151 2673 posteriorem,
1177 2607 1242 2650 non
1272 2586 1408 2650 multum
1437 2592 1584 2674 tempore
1614 2586 1734 2651 distant
1763 2591 1896 2672 totaque
1926 2584 2073 2671 quaestio

416 2703 457 2769 de
484 2698 610 2765 duabus
632 2693 875 2761 recensionibus
896 2712 961 2756 non
984 2695 1095 2756 tantae
1118 2691 1286 2776 gravitatis
1301 2696 1336 2755 et
1357 2690 1505 2755 utilitatis
1530 2697 1588 2770 est,
1614 2696 1768 2777 quantam
1790 2690 1851 2756 viri
1872 2688 1961 2754 docti
1974 2687 2072 2775 pleri·

417 2827 480 2895 que
504 2805 536 2870 ei
558 2800 750 2866 tribuerunt.

523 2907 594 2972 Iam
617 2902 785 2969 rideamus
809 2905 918 2965 textus
940 2899 1095 2964 librorum
1112 2898 1362 2984 epitomatorum
1379 2897 1541 2983 quomodo
1565 2898 1695 2964 differat
1718 2920 1738 2964 a
1759 2897 1948 2964 recensione
1972 2898 2077 2962 altera

421 3016 529 3103 plena.
573 3009 617 3075 Et
640 3005 888 3094 explicabuntur
908 3003 1047 3090 primum
1062 3003 1199 3067 virtutes
1222 3003 1481 3087 epitomatorem,
1504 3003 1628 3068 scilicet
1649 3001 1738 3089 quod
1758 3002 1891 3088 propius
1916 2999 2076 3065 accedunt

421 3118 464 3184 ad
497 3120 646 3181 auctores
678 3133 699 3175 a
733 3109 889 3195 scriptore
918 3108 1056 3172 vitarum
1085 3105 1265 3188 adhibitos,
1294 3105 1380 3191 quod
1407 3105 1531 3171 habent
1555 3107 1641 3171 male
1675 3108 1794 3171 omissa
1822 3107 1855 3171 in
1883 3105 2074 3171 recensione

422 3221 603 3311 posteriore
620 3216 836 3300 amittuntque
848 3210 1070 3277 additamenta
1084 3210 1170 3275 male
1186 3209 1282 3292 lecta,
1297 3209 1436 3295 denique
1453 3208 1540 3296 quod
1556 3211 1747 3297 corruptelis
1761 3216 1871 3275 textus
1886 3207 2076 3274 recentioris

422 3332 512 3394 recte
539 3321 719 3390 medentur.
770 3315 900 3384 Deinde
927 3316 1075 3380 similiter
1101 3315 1180 3379 vitia
1207 3314 1421 3399 epitomarum
1451 3314 1674 3381 tractabuntur
1695 3315 1760 3380 alia
1780 3316 1820 3380 iis
1841 3314 1989 3401 propria,
2013 3312 2078 3377 alia

423 3438 501 3497 nata
532 3450 575 3494 ex
602 3423 873 3492 contaminatione
901 3441 974 3485 oum
1000 3418 1090 3484 libris
1117 3418 1232 3505 plenis.
1287 3416 1327 3481 In
1354 3417 1503 3483 omnibus
1528 3419 1578 3484 his
1608 3418 1883 3506 disquisitionibus
1910 3417 2077 3505 specimen
2123 3470 2128 3479 .

423 3529 647 3602 tantummodo
670 3531 870 3615 proponetur
892 3524 1077 3611 peripsam
1101 3522 1278 3588 editionem
1302 3521 1529 3608 supplendum.

526 3637 617 3702 Inter
639 3639 798 3711 auctores,
821 3650 902 3717 quos
923 3630 1062 3694 vitarum
1084 3627 1221 3713 scriptor
1244 3625 1400 3708 adhibuit,
1424 3646 1497 3692 oum
1520 3627 1660 3714 primum
1683 3627 1791 3692 locum
1814 3625 1984 3691 obtineant
2006 3623 2076 3710 epi·

425 3762 597 3831 scoporum
618 3737 765 3805 laterculi
788 3734 870 3816 duo,
894 3732 999 3798 Index
1026 3738 1060 3796 et
1082 3730 1289 3813 Liberianus,
1326 3751 1438 3796 eorum
1465 3751 1617 3796 numeros
1652 3751 1750 3816 supra
1772 3730 1818 3817 (p.
1834 3728 1909 3810 LV)
1944 3726 2080 3793 demon·

429 3847 601 3914 stravimus
627 3863 747 3929 magna
770 3844 927 3926 exparte
958 3837 1093 3923 reperiri
1121 3837 1154 3900 iu
1185 3837 1327 3921 epitome
1358 3835 1560 3918 Cononiana,
1591 3837 1688 3922 plane
1717 3834 1921 3900 oblitteratos
1949 3852 2021 3898 esse
2048 3831 2082 3896 in

429 3953 519 4019 libris
541 3948 738 4016 recensionis
760 3943 947 4032 posterioris
968 3962 1033 4007 non
1056 3940 1280 4005 contaminatis
1303 3960 1375 4004 cum
1397 3940 1514 4026 priore.

530 4054 640 4120 Etiam
662 4052 717 4117 alii
738 4049 802 4114 loci
825 4068 869 4113 ex
891 4047 1040 4131 catalogo
1063 4045 1238 4110 Liberiano
1260 4045 1293 4109 in
1316 4043 1539 4109 Pontifioelem
1563 4043 1711 4108 translati
1733 4041 1855 4129 passim
1875 4040 1910 4106 in
1933 4039 2084 4126 epitomis

428 4164 567 4228 sormam
589 4177 669 4245 prae
692 4176 728 4221 se
750 4155 859 4219 lerunt
880 4150 923 4216 ad
945 4149 1156 4236 archetypum
1178 4149 1311 4235 propius
1333 4146 1545 4214 accedentem
1568 4167 1664 4233 quam
1682 4166 1766 4233 quae
1782 4144 1902 4231 legitur
1923 4143 1956 4209 in
1971 4143 2084 4209 Ponti-

428 4266 523 4332 ficali.
561 4262 600 4327 In
616 4261 710 4326 Oleto
733 4262 791 4337 6‚s
813 4255 986 4321 verborum
1009 4252 1151 4318 etauio
1165 4250 1347 4317 Domitiani
1367 4253 1400 4317 In
1421 4252 1485 4317 illis
1507 4251 1584 4316 solis
1606 4250 1780 4336 vestigium
1803 4247 1968 4314 remansit
2007 4248 2085 4312 Pius

431 4371 607 4437 collocatur
633 4366 666 4429 in
696 4362 847 4449 epitomis
874 4364 949 4446 post
975 4357 1149 4423 Anicetum
1171 4376 1360 4443 perperam,
1383 4356 1442 4421 sed
1465 4377 1538 4421 cum
1567 4355 1722 4442 scriptore
1746 4352 1887 4438 catalogi
1908 4350 2085 4418 liberiani.

430 4473 470 4540 Iu
492 4472 551 4537 Pio
577 4475 655 4552 14,ι
678 4466 778 4533 rerba
803 4463 910 4547 frater
939 4461 1043 4543 ipsius
1074 4460 1221 4526 derivata
1252 4481 1295 4525 ex
1322 4460 1497 4527 Liberiano
1519 4459 1621 4525 habet
1648 4459 1719 4524 sola
1743 4458 1885 4546 epitome
1907 4455 2085 4522 Feliciana.

432 4573 587 4644 Miltiadis
619 4580 769 4658 tempora
800 4567 944 4634 indidem
977 4571 1106 4652 sumpta
1137 4564 1235 4629 modo
1262 4563 1310 4651 (p.
1331 4562 1406 4648 ΟΧ)
1435 4564 1574 4630 vidimus
1600 4564 1633 4627 in
1667 4561 1818 4649 epitomis
1846 4559 1913 4645 legi
1944 4559 2085 4645 pessime

432 4680 644 4768 interpolata,
668 4682 702 4741 et
729 4676 762 4739 iu
785 4673 974 4738 recensione
997 4670 1177 4757 posteriore
1199 4670 1318 4735 iterata
1340 4669 1590 4756 iuterpoletione
1612 4666 1700 4731 iacta
1722 4665 1895 4731 deteriora.
1920 4700 1961 4712 -
1988 4662 2085 4728 Simi-

433 4788 508 4852 liter
537 4805 581 4848 ex
611 4778 804 4866 Hieronymi
831 4777 872 4843 de
903 4776 980 4841 riris
1008 4774 1185 4840 illustribus
1213 4774 1324 4839 libello
1356 4793 1441 4859 quae
1468 4777 1580 4838 auctor
1602 4769 1705 4836 traxit
1730 4770 1764 4833 in
1793 4766 1893 4833 Petro
1916 4768 1976 4850 2,1
1999 4771 2034 4830 ct
2056 4765 2088 4831 in

435 4889 606 4955 Clemente
629 4889 659 4967 7,
675 4910 714 4966 a,
742 4883 776 4948 in
804 4881 954 4969 epitomis
982 4879 1025 4944 ad
1047 4884 1213 4945 auctorem
1234 4878 1367 4965 propius
1389 4875 1557 4942 accedunt.
1602 4874 1682 4940 Rari
1703 4873 1782 4954 loci,
1803 4871 1860 4937 ubi
1882 4891 1902 4936 a
1925 4871 2088 4936 contrario

435 4995 533 5083 plene
554 4989 700 5056 recensio
723 5008 796 5053 cum
819 4987 969 5070 catalogo
984 4984 1159 5049 Liberiano
1174 4983 1228 5048 vel
1243 5003 1315 5047 cum
1330 4980 1532 5067 Hieronymo
1547 4979 1626 5045 lacit
1641 4982 1753 5044 contra
1777 4975 1948 5062 epitomas,
1972 4973 2090 5037 mutati

436 5104 511 5163 sunt
532 5095 574 5161 ab
591 5094 804 5180 epitomatore
825 5088 915 5176 (ride
930 5087 1012 5154 inira
1033 5109 1065 5173 p.
1082 5084 1193 5150 CXVI
1215 5090 1249 5150 et
1271 5083 1400 5149 deloco
1416 5086 1493 5166 24,a
1516 5102 1600 5169 quae
1616 5079 1811 5146 adnotantur
1826 5097 1858 5163 p.
1876 5073 2032 5157 cxxm.
2049 5110 2090 5122 -

438 5200 549 5266 Pauca
576 5194 800 5264 tantummodo
827 5193 961 5259 huiusce
987 5191 1118 5277 generis
1147 5188 1256 5255 afferri
1284 5193 1420 5274 possunt
1447 5190 1636 5273 eapropter,
1666 5181 1753 5271 quod
1779 5186 1907 5263 auctor,
1936 5183 2093 5264 utsupra

438 5305 586 5386 ridImus‚
608 5322 673 5367 non
695 5301 814 5365 multos
836 5298 935 5363 libros
957 5297 1094 5384 scriptos
1116 5293 1264 5360 adhibuit
1285 5291 1392 5357 adhuc
1414 5295 1576 5357 extantes.

544 5407 636 5483 Quae
660 5404 778 5470 absunt
799 5402 841 5468 ab
866 5401 1026 5488 epitomis,
1050 5398 1167 5464 adsunt
1188 5398 1221 5462 in
1243 5395 1433 5463 recensione
1456 5395 1564 5481 plens,
1579 5398 1687 5458 rhum
1707 5389 1817 5456 omina
1835 5387 1901 5454 sint
1921 5405 1943 5452 a
1962 5383 2093 5451 breria-

439 5521 511 5580 tore
535 5532 577 5577 an
600 5510 728 5576 adiecta
750 5507 792 5573 eb
815 5511 948 5572 auctore
971 5502 1124 5586 secundo,
1146 5521 1246 5589 saepe
1270 5500 1403 5566 dubium
1423 5503 1543 5581 manet,
1567 5503 1602 5563 et
1622 5496 1676 5562 vel
1698 5493 1842 5561 maxime
1864 5494 2000 5579 propter
2019 5505 2096 5554 aaut

439 5637 569 5686 causam
591 5615 815 5682 recensionem
836 5617 981 5678 nostram
1002 5610 1049 5675 ita
1065 5609 1269 5685 instituimus,
1293 5609 1331 5671 ut
1353 5604 1394 5670 de
1411 5602 1546 5689 singulis
1562 5600 1640 5667 locis
1661 5599 1701 5665 iis
1716 5598 1771 5685 qui
1792 5594 1829 5664 in
1846 5615 1901 5663 res
1919 5592 2096 5682 iuquimt

439 5721 591 5787 iudicium
622 5720 760 5785 liberum
789 5721 931 5782 maneat
980 5713 1171 5780 haterculos
1199 5709 1448 5777 anathematum
1475 5727 1542 5777 nou
1569 5704 1690 5777 subse
1717 5724 1739 5777 a
1767 5698 1959 5777 mundone
1985 5694 2097 5799 μὴ.
