4658 6576
332 439 396 502 χω
1048 423 1270 485 sarronae

622 599 846 656 anlcma
1158 602 1164 651 ἵ
1472 591 1706 648 CONOXLIM

334 718 383 773 est
428 710 601 794 episcopus
643 708 782 772 civitatis
817 712 949 769 uoshae
987 704 1134 783 Aeetius,

333 814 516 879 nullatenus
543 813 699 877 sentimus
728 810 807 876 sede
834 809 1044 896 apostolicae.
1091 808 1135 873 Et

332 918 418 981 lacto
448 916 583 980 concilio
610 915 704 979 simul
733 936 806 979 cum
833 913 956 977 Iustino
986 913 1072 998 Aug.
1101 914 1133 977 in

332 1036 509 1106 conspecm
536 1020 678 1083 omnium
707 1018 902 1095 inlustrium,
934 1024 1009 1081 tunc
1032 1018 1134 1102 legati

332 1123 419 1188 sedis
454 1124 655 1209 apostolicae
686 1124 856 1207 clegerunt
878 1142 922 1185 ex
943 1123 1010 1185 suis
1036 1119 1132 1185 Dios-

332 1248 443 1291 comm
473 1224 644 1291 diaconum
674 1226 718 1289 ad
740 1223 939 1291 reddendam
962 1225 1132 1288 rationem.
1158 1256 1161 1303 ς

332 1330 396 1404 Qui
417 1332 461 1394 ita
478 1332 631 1416 exposuit
646 1331 694 1393 eis
710 1329 820 1416 culpas
835 1328 953 1409 Acatii,
976 1338 1012 1392 ut
1035 1329 1132 1393 etiam
1158 1322 1161 1335 '

334 1455 447 1498 omnes
475 1435 571 1498 simul
603 1456 675 1497 cum
705 1433 827 1497 Iustino
859 1430 945 1517 Aug.
969 1431 1132 1496 adclama·
1158 1490 1162 1535 Ι

333 1554 405 1603 rent
420 1538 582 1602 dicentes:
606 1536 649 1601 Et
671 1537 722 1599 hic
746 1548 780 1601 et
801 1537 834 1599 in
858 1549 1025 1600 aeternum
1041 1535 1132 1600 dam·
1158 1608 1162 1639 Ι

332 1658 428 1706 uetur
469 1643 616 1706 Aeetius.
684 1638 811 1704 Eodem
849 1647 997 1726 tempore
1041 1641 1134 1704 iussit

332 1745 473 1810 Iustinus
489 1745 575 1830 Aug.
592 1750 728 1828 accepta
751 1744 898 1823 veritate,
922 1755 958 1806 nt
980 1745 1050 1808 sine
1072 1745 1132 1808 ali·
1158 1732 1162 1777 ἰ

332 1871 396 1935 qna
424 1850 579 1914 dilatione
607 1848 753 1912 lacerent
782 1844 893 1910 libello
924 1867 1036 1911 omnes
1064 1847 1131 1933 epi·
1158 1830 1162 1949 ἰ

332 1953 423 2038 scopi
446 1954 500 2037 qui
523 1953 555 2016 in
578 1972 679 2036 regno
695 1950 809 2014 Iustiui
832 1959 926 2014 erant
948 1959 982 2014 et
997 1949 1134 2014 redeant
1159 1954 1162 1973 ¹

331 2055 375 2119 ad
400 2057 657 2119 communionem
689 2054 775 2118 sedis
801 2055 1017 2140 apostolicae,
1047 2053 1162 2145 qnodi

332 2162 430 2224 etiarn
454 2160 575 2223 lactum
599 2170 658 2222 est.
716 2158 758 2222 Et
788 2156 1066 2222 concordauenmt
1091 2158 1133 2220 ab
1159 2158 1163 2205 ¹

333 2263 467 2329 Oriente
499 2283 602 2348 usque
636 2261 677 2325 ad
714 2261 892 2326 Occidente
927 2269 960 2325 et
995 2263 1162 2347 cucurritff

332 2388 399 2453 pax
432 2367 601 2431 ecclesiae.
662 2364 726 2438 Qui
760 2374 869 2429 texnrs
900 2365 1001 2429 libelli
1035 2365 1162 2449 hodie!

332 2471 439 2534 arcina
474 2470 633 2534 ecclesiae
663 2468 846 2533 reconditus
877 2476 1017 2533 tenetur.
1069 2464 1162 2532 Ηίοι

331 2574 453 2637 invenit
486 2572 693 2653 Manicheos,
731 2592 812 2658 quos
848 2572 946 2635 etiam
985 2500 1162 2669 discussit!

331 2676 392 2740 snb
427 2678 578 2740 examina
612 2679 797 2763 plagarum:
832 2697 968 2761 quorum
1003 2675 1161 2781 codices!

332 2780 480 2844 incendio
518 2782 715 2865 consumpsit
752 2788 827 2844 ante
865 2781 942 2843 ioris
978 2780 1161 2857 basilicael

332 2881 597 2949 Constantiniani.
633 2884 738 2948 Huius
749 2883 950 2970 temporibus
963 2886 1131 2970 episcopa·
1157 2880 1162 2961 ξ

333 2996 384 3050 tus
398 2988 527 3052 Africae
540 2987 744 3052 reordinatur
758 2994 832 3074 post
846 3008 947 3050 annos
958 2984 1133 3066 LXXIIII,
1158 2972 1163 3115 ἰ

334 3092 420 3178 qnod
452 3093 493 3158 ab
528 3094 680 3158 hereticis
712 3092 840 3155 inierant
874 3091 1080 3155 exterminati
1115 3111 1163 3193 ap

334 3204 481 3282 tempore
510 3196 779 3283 persequutionis.
830 3194 958 3259 Eodem
987 3204 1134 3281 tempore

333 3301 422 3364 venit
456 3321 576 3364 corona
610 3321 708 3364 aurea
742 3320 816 3363 cum
843 3300 981 3384 gemmis
1008 3299 1132 3384 precio·

333 3405 466 3467 sissimis
490 3402 609 3467 donum
631 3424 651 3466 a
675 3423 753 3487 rege
775 3402 983 3466 Francorum.

336 3524 398 3588 llic
423 3525 500 3588 lecit
516 3523 734 3588 ordinationes
750 3523 948 3609 presbiteros
964 3524 1135 3609 episcopos
1160 3562 1163 3605 ;
1189 3521 1281 3586 Fecit
1319 3522 1537 3586 ordinationes
1577 3521 1775 3608 presbiteros
1817 3526 1990 3612 episcopos

334 3649 394 3713 per
403 3629 485 3692 loca.
523 3628 677 3713 Sepultus
693 3637 743 3692 est
755 3626 842 3712 apud
854 3627 987 3690 beatum
1004 3627 1134 3690 Petrum
1160 3652 1163 3729 i
1188 3648 1248 3711 per
1270 3626 1398 3690 diuersa
1419 3626 1502 3690 loca.
1555 3625 1619 3697 Qui
1648 3626 1747 3689 etiam
1769 3629 1915 3712 sepultus
1937 3637 1990 3695 est

334 3731 399 3795 VH
422 3731 464 3795 id
488 3733 574 3816 Aug.
1160 3740 1163 3777 ¹
1188 3730 1276 3816 apud
1297 3730 1429 3794 beatum
1452 3728 1585 3791 Petrum
1608 3727 1691 3793 vul
1713 3728 1756 3792 id.
1780 3729 1866 3814 Aug.

1160 3836 1163 3921 l
1188 3852 1355 3916 consulatu
1377 3850 1512 3913 hlaximi
1534 3849 1599 3913 iun

334 3971 482 4035 Cessavit
504 3973 711 4056 episcopatus
734 3971 803 4035 dies
820 3971 877 4036 I'I.
1160 3990 1163 4023 2
1188 3972 1230 4036 Et
1253 3972 1392 4037 cessavit
1415 3971 1621 4055 episcopatus
1644 3969 1712 4033 dies
1730 3970 1788 4035 I'I.

378 4112 426 4155 nv.
450 4090 621 4171 Iouaxxes,
652 4093 782 4155 natione
807 4091 947 4173 Tuscus,
978 4113 1020 4155 ex
1044 4102 1163 4178 patre¹
1233 4114 1281 4157 av.
1304 4093 1473 4171 latrantes,
1500 4092 1630 4154 natione
1659 4090 1799 4175 Tuscus,
1830 4114 1873 4158 ex
1895 4102 1989 4180 patre

334 4193 543 4273 Constantio,
572 4195 657 4259 sedit
678 4196 802 4259 anull
835 4217 936 4259 mens.
953 4194 1036 4258 TIII
1065 4194 1136 4257 dies
1190 4196 1395 4275 Constantio,
1433 4194 1517 4258 sedit
1554 4215 1606 4260 an.
1629 4194 1664 4259 H
1696 4216 1797 4261 mens.
1814 4197 1879 4261 l'll
1918 4200 1990 4266 dies

334 4298 408 4363 ΧΥ.
433 4320 452 4361 a
476 4300 642 4363 consulato
667 4298 801 4361 Maximi
829 4297 996 4384 usquead
1020 4319 1134 4362 consu·
1160 4334 1163 4349 =
1190 4301 1262 4379 XV,
1285 4320 1305 4362 a
1328 4298 1496 4363 consulatu
1519 4297 1653 4361 lIaximi
1681 4319 1784 4384 usque
1807 4299 1850 4363 ad
1872 4323 1989 4367 consu·

333 4402 434 4466 latum
459 4400 572 4466 Olibri.
1160 4410 1163 4489 ξ
1189 4403 1289 4466 latum
1313 4401 1417 4466 Olihri
1440 4403 1504 4464 iun.

334 4523 397 4587 Hic
419 4530 554 4588 vocatur
583 4543 602 4586 a
630 4544 708 4607 rege
732 4522 936 4585 Theoderico
961 4521 1134 4587 Ravenna:
1160 4514 1164 4527 '
1189 4522 1283 4586 Hunc
1307 4521 1527 4586 Theodericus

334 4649 430 4713 quern

334 4770 392 4813 rex
416 4770 534 4833 rogans
556 4749 642 4812 misit
665 4750 696 4811 in
720 4749 884 4832 legatione
1160 4730 1164 4791 l
1189 4767 1247 4809 rex
1270 4766 1389 4830 rogans
1412 4748 1499 4810 misit
1519 4747 1551 4809 in
1574 4746 1770 4830 legationem

333 4868 643 4955 Constantinopolim
1160 4830 1164 4961 f

333 4990 375 5055 ad
399 4991 521 5055 Iustino
546 4992 631 5075 Aug.
1159 4964 1163 5129 i
1189 4986 1230 5051 ad
1255 4987 1412 5051 Iustinum
1435 4989 1677 5073 imperatorem,

333 5115 381 5178 vir
402 5114 583 5199 religiosus,

333 5237 387 5321 qui
409 5256 534 5300 summo
558 5253 669 5296 amore
684 5232 850 5315 religionis
866 5231 1058 5294 christianae
1074 5251 1131 5294 vo·
1159 5212 1162 5223 ¹
1188 5231 1262 5316 qnia
1272 5230 1413 5294 Iustinus
1424 5250 1549 5294 summo
1562 5250 1673 5295 amore
1685 5230 1850 5315 religionis
1862 5229 1991 5295 christi·

332 5340 392 5403 luit
413 5339 575 5403 hereticos
599 5337 771 5400 extricare.
1159 5396 1162 5409 ,
1187 5355 1269 5398 anae
1293 5334 1393 5397 voluit
1416 5333 1577 5397 hereticos
1600 5331 1747 5419 perdere,

333 5460 416 5524 Nam
439 5479 563 5523 summo
587 5457 714 5521 fervore
744 5455 899 5518 ecclesias
922 5453 1132 5517 Arrianomm

332 5566 364 5629 in
387 5563 549 5627 catholica
572 5559 743 5625 dedicavit.
1159 5636 1163 5683 Ι

332 5682 460 5747 Exinde
483 5683 583 5746 iratus
1159 5686 1164 5763 Ι
1188 5686 1221 5742 et
1244 5675 1363 5743 emnde
1386 5679 1488 5744 iratus
