<?xml version="1.0" encoding="UTF-8"?>
<!DOCTYPE html PUBLIC "-//W3C//DTD XHTML 1.0 Transitional//EN"
    "http://www.w3.org/TR/xhtml1/DTD/xhtml1-transitional.dtd">
<html xmlns="http://www.w3.org/1999/xhtml" xml:lang="en" lang="en">
 <head>
  <title>
</title>
<meta http-equiv="Content-Type" content="text/html;charset=utf-8" />
  <meta name='ocr-system' content='tesseract 3.04.00' />
  <meta name='ocr-capabilities' content='ocr_page ocr_carea ocr_par ocr_line ocrx_word'/>
</head>
<body>
  <div class='ocr_page' id='page_1' title='image "./monumentagerman04unkngoog_0022.png"; bbox 0 0 4658 6576; ppageno 0'>
   <div class='ocr_carea' id='block_1_1' title="bbox 1015 439 1989 496">
    <p class='ocr_par' dir='ltr' id='par_1_1' title="bbox 1015 439 1989 496">
     <span class='ocr_line' id='line_1_1' title="bbox 1015 439 1989 496; baseline 0.001 -1"><span class='ocrx_word' id='word_1_1' title='bbox 1015 439 1298 496; x_wconf 65' lang='lat' dir='ltr'>PROLEGOMLNL</span> <span class='ocrx_word' id='word_1_2' title='bbox 1910 441 1989 496; x_wconf 86' lang='lat' dir='ltr'>xvn</span> 
     </span>
    </p>
   </div>
   <div class='ocr_carea' id='block_1_2' title="bbox 329 613 1992 3091">
    <p class='ocr_par' dir='ltr' id='par_1_2' title="bbox 329 613 1989 1428">
     <span class='ocr_line' id='line_1_2' title="bbox 433 613 1989 701; baseline 0.001 -23"><span class='ocrx_word' id='word_1_3' title='bbox 433 613 487 678; x_wconf 79' lang='lat' dir='ltr'>le</span> <span class='ocrx_word' id='word_1_4' title='bbox 527 614 678 678; x_wconf 90' lang='lat' dir='ltr'>institutis</span> <span class='ocrx_word' id='word_1_5' title='bbox 714 615 941 680; x_wconf 86' lang='lat' dir='ltr'>ecclesiasticis</span> <span class='ocrx_word' id='word_1_6' title='bbox 980 616 1012 679; x_wconf 93' lang='lat' dir='ltr'>in</span> <span class='ocrx_word' id='word_1_7' title='bbox 1049 614 1132 679; x_wconf 91' lang='lat' dir='ltr'>libro</span> <span class='ocrx_word' id='word_1_8' title='bbox 1168 615 1349 701; x_wconf 86' lang='lat' dir='ltr'>pontificali</span> <span class='ocrx_word' id='word_1_9' title='bbox 1382 616 1569 680; x_wconf 87' lang='lat' dir='ltr'>memoratis</span> <span class='ocrx_word' id='word_1_10' title='bbox 1606 636 1704 680; x_wconf 91' lang='lat' dir='ltr'>unum</span> <span class='ocrx_word' id='word_1_11' title='bbox 1742 623 1845 698; x_wconf 90' lang='lat' dir='ltr'>certe,</span> <span class='ocrx_word' id='word_1_12' title='bbox 1883 616 1989 681; x_wconf 89' lang='lat' dir='ltr'>indice</span> 
     </span>
     <span class='ocr_line' id='line_1_3' title="bbox 329 717 1988 805; baseline 0.001 -24"><span class='ocrx_word' id='word_1_13' title='bbox 329 717 518 783; x_wconf 87' lang='lat' dir='ltr'>Duchcsnio</span> <span class='ocrx_word' id='word_1_14' title='bbox 540 719 611 803; x_wconf 90' lang='lat' dir='ltr'>ipso</span> <span class='ocrx_word' id='word_1_15' title='bbox 634 738 666 803; x_wconf 90' lang='lat' dir='ltr'>p.</span> <span class='ocrx_word' id='word_1_16' title='bbox 688 721 758 799; x_wconf 72' lang='lat' dir='ltr'>tlt,</span> <span class='ocrx_word' id='word_1_17' title='bbox 783 717 942 803; x_wconf 85' lang='lat' dir='ltr'>Gregorio</span> <span class='ocrx_word' id='word_1_18' title='bbox 965 739 1082 802; x_wconf 87' lang='lat' dir='ltr'>magno</span> <span class='ocrx_word' id='word_1_19' title='bbox 1106 720 1267 803; x_wconf 89' lang='lat' dir='ltr'>posterius</span> <span class='ocrx_word' id='word_1_20' title='bbox 1291 726 1355 797; x_wconf 90' lang='lat' dir='ltr'>est,</span> <span class='ocrx_word' id='word_1_21' title='bbox 1377 719 1530 783; x_wconf 90' lang='lat' dir='ltr'>ieiunium</span> <span class='ocrx_word' id='word_1_22' title='bbox 1554 719 1676 783; x_wconf 89' lang='lat' dir='ltr'>scilicet</span> <span class='ocrx_word' id='word_1_23' title='bbox 1697 719 1849 805; x_wconf 92' lang='lat' dir='ltr'>paschale</span> <span class='ocrx_word' id='word_1_24' title='bbox 1873 741 1988 783; x_wconf 91' lang='lat' dir='ltr'>secun·</span> 
     </span>
     <span class='ocr_line' id='line_1_4' title="bbox 332 821 1986 908; baseline 0.001 -22"><span class='ocrx_word' id='word_1_25' title='bbox 332 821 408 886; x_wconf 89' lang='lat' dir='ltr'>dum</span> <span class='ocrx_word' id='word_1_26' title='bbox 432 823 585 908; x_wconf 73' lang='lat' dir='ltr'>epistulas</span> <span class='ocrx_word' id='word_1_27' title='bbox 601 821 720 886; x_wconf 82' lang='lat' dir='ltr'>Leonis</span> <span class='ocrx_word' id='word_1_28' title='bbox 736 821 762 905; x_wconf 91' lang='lat' dir='ltr'>I,</span> <span class='ocrx_word' id='word_1_29' title='bbox 784 821 916 903; x_wconf 86' lang='lat' dir='ltr'>Gelasii,</span> <span class='ocrx_word' id='word_1_30' title='bbox 940 821 1091 907; x_wconf 84' lang='lat' dir='ltr'>Gregorii</span> <span class='ocrx_word' id='word_1_31' title='bbox 1107 823 1215 907; x_wconf 86' lang='lat' dir='ltr'>magni</span> <span class='ocrx_word' id='word_1_32' title='bbox 1235 843 1294 887; x_wconf 89' lang='lat' dir='ltr'>sex</span> <span class='ocrx_word' id='word_1_33' title='bbox 1309 821 1560 904; x_wconf 88' lang='lat' dir='ltr'>hebdomadum,</span> <span class='ocrx_word' id='word_1_34' title='bbox 1582 823 1616 886; x_wconf 92' lang='lat' dir='ltr'>in</span> <span class='ocrx_word' id='word_1_35' title='bbox 1630 822 1828 887; x_wconf 85' lang='lat' dir='ltr'>Pontificalis</span> <span class='ocrx_word' id='word_1_36' title='bbox 1844 822 1986 887; x_wconf 82' lang='lat' dir='ltr'>editione</span> 
     </span>
     <span class='ocr_line' id='line_1_5' title="bbox 331 925 1988 1015; baseline 0 -26"><span class='ocrx_word' id='word_1_37' title='bbox 331 932 468 1012; x_wconf 89' lang='lat' dir='ltr'>utraque</span> <span class='ocrx_word' id='word_1_38' title='bbox 495 926 554 991; x_wconf 92' lang='lat' dir='ltr'>sub</span> <span class='ocrx_word' id='word_1_39' title='bbox 570 927 770 1015; x_wconf 80' lang='lat' dir='ltr'>Telesphoro</span> <span class='ocrx_word' id='word_1_40' title='bbox 795 928 840 1012; x_wconf 87' lang='lat' dir='ltr'>(p.</span> <span class='ocrx_word' id='word_1_41' title='bbox 862 931 910 1007; x_wconf 78' lang='lat'>12,</span> <span class='ocrx_word' id='word_1_42' title='bbox 923 929 957 1012; x_wconf 90' lang='lat'>3)</span> <span class='ocrx_word' id='word_1_43' title='bbox 982 926 1023 990; x_wconf 96' lang='lat' dir='ltr'>ad</span> <span class='ocrx_word' id='word_1_44' title='bbox 1046 932 1172 1012; x_wconf 90' lang='lat' dir='ltr'>septem</span> <span class='ocrx_word' id='word_1_45' title='bbox 1195 925 1419 990; x_wconf 91' lang='lat' dir='ltr'>hebdomadas</span> <span class='ocrx_word' id='word_1_46' title='bbox 1436 932 1617 992; x_wconf 84' lang='lat' dir='ltr'>extensum.</span> <span class='ocrx_word' id='word_1_47' title='bbox 1655 925 1736 990; x_wconf 92' lang='lat' dir='ltr'>Inde</span> <span class='ocrx_word' id='word_1_48' title='bbox 1752 947 1825 991; x_wconf 93' lang='lat' dir='ltr'>cum</span> <span class='ocrx_word' id='word_1_49' title='bbox 1840 925 1988 990; x_wconf 87' lang='lat' dir='ltr'>Duchcs-</span> 
     </span>
     <span class='ocr_line' id='line_1_6' title="bbox 331 1029 1988 1117; baseline 0 -24"><span class='ocrx_word' id='word_1_50' title='bbox 331 1029 403 1094; x_wconf 86' lang='lat' dir='ltr'>nius</span> <span class='ocrx_word' id='word_1_51' title='bbox 426 1029 572 1096; x_wconf 81' lang='lat' dir='ltr'>effecerit</span> <span class='ocrx_word' id='word_1_52' title='bbox 600 1032 763 1117; x_wconf 89' lang='lat' dir='ltr'>scriptoris</span> <span class='ocrx_word' id='word_1_53' title='bbox 785 1031 941 1115; x_wconf 88' lang='lat' dir='ltr'>pietatem</span> <span class='ocrx_word' id='word_1_54' title='bbox 966 1031 1161 1114; x_wconf 81' lang='lat' dir='ltr'>singularem</span> <span class='ocrx_word' id='word_1_55' title='bbox 1185 1036 1219 1094; x_wconf 91' lang='lat' dir='ltr'>et</span> <span class='ocrx_word' id='word_1_56' title='bbox 1242 1029 1461 1116; x_wconf 87' lang='lat' dir='ltr'>amplificandi</span> <span class='ocrx_word' id='word_1_57' title='bbox 1484 1031 1588 1095; x_wconf 87' lang='lat' dir='ltr'>cultus</span> <span class='ocrx_word' id='word_1_58' title='bbox 1611 1030 1763 1110; x_wconf 91' lang='lat' dir='ltr'>studium,</span> <span class='ocrx_word' id='word_1_59' title='bbox 1786 1050 1845 1094; x_wconf 92' lang='lat' dir='ltr'>nos</span> <span class='ocrx_word' id='word_1_60' title='bbox 1869 1051 1887 1094; x_wconf 89' lang='lat' dir='ltr'>e</span> <span class='ocrx_word' id='word_1_61' title='bbox 1911 1049 1988 1094; x_wconf 91' lang='lat' dir='ltr'>oon-</span> 
     </span>
     <span class='ocr_line' id='line_1_7' title="bbox 333 1131 1989 1220; baseline 0.001 -24"><span class='ocrx_word' id='word_1_62' title='bbox 333 1134 431 1197; x_wconf 89' lang='lat' dir='ltr'>trario</span> <span class='ocrx_word' id='word_1_63' title='bbox 465 1134 655 1219; x_wconf 91' lang='lat' dir='ltr'>colligemus</span> <span class='ocrx_word' id='word_1_64' title='bbox 689 1155 763 1198; x_wconf 88' lang='lat' dir='ltr'>eum</span> <span class='ocrx_word' id='word_1_65' title='bbox 798 1134 964 1219; x_wconf 80' lang='lat' dir='ltr'>scripsisse</span> <span class='ocrx_word' id='word_1_66' title='bbox 999 1138 1074 1219; x_wconf 88' lang='lat' dir='ltr'>post</span> <span class='ocrx_word' id='word_1_67' title='bbox 1103 1133 1296 1218; x_wconf 84' lang='lat' dir='ltr'>Gregorium</span> <span class='ocrx_word' id='word_1_68' title='bbox 1326 1154 1488 1218; x_wconf 89' lang='lat' dir='ltr'>magnum.</span> <span class='ocrx_word' id='word_1_69' title='bbox 1541 1131 1575 1197; x_wconf 93' lang='lat' dir='ltr'>Si</span> <span class='ocrx_word' id='word_1_70' title='bbox 1607 1135 1661 1220; x_wconf 92' lang='lat' dir='ltr'>qui</span> <span class='ocrx_word' id='word_1_71' title='bbox 1689 1155 1796 1198; x_wconf 93' lang='lat' dir='ltr'>rerum</span> <span class='ocrx_word' id='word_1_72' title='bbox 1827 1155 1989 1198; x_wconf 89' lang='lat' dir='ltr'>sacrarum</span> 
     </span>
     <span class='ocr_line' id='line_1_8' title="bbox 332 1236 1989 1324; baseline 0.001 -24"><span class='ocrx_word' id='word_1_73' title='bbox 332 1237 436 1322; x_wconf 90' lang='lat' dir='ltr'>magis</span> <span class='ocrx_word' id='word_1_74' title='bbox 466 1258 562 1323; x_wconf 91' lang='lat' dir='ltr'>qnam</span> <span class='ocrx_word' id='word_1_75' title='bbox 585 1259 655 1302; x_wconf 89' lang='lat' dir='ltr'>sum</span> <span class='ocrx_word' id='word_1_76' title='bbox 678 1259 740 1324; x_wconf 91' lang='lat' dir='ltr'>ego</span> <span class='ocrx_word' id='word_1_77' title='bbox 764 1238 855 1322; x_wconf 89' lang='lat' dir='ltr'>gnari</span> <span class='ocrx_word' id='word_1_78' title='bbox 883 1238 999 1302; x_wconf 88' lang='lat' dir='ltr'>similia</span> <span class='ocrx_word' id='word_1_79' title='bbox 1022 1239 1156 1301; x_wconf 90' lang='lat' dir='ltr'>ulterius</span> <span class='ocrx_word' id='word_1_80' title='bbox 1180 1243 1424 1323; x_wconf 76' lang='lat' dir='ltr'>persequentur,</span> <span class='ocrx_word' id='word_1_81' title='bbox 1455 1236 1592 1301; x_wconf 84' lang='lat' dir='ltr'>sortasse</span> <span class='ocrx_word' id='word_1_82' title='bbox 1621 1239 1689 1302; x_wconf 91' lang='lat' dir='ltr'>eins</span> <span class='ocrx_word' id='word_1_83' title='bbox 1716 1239 1845 1322; x_wconf 91' lang='lat' dir='ltr'>generis</span> <span class='ocrx_word' id='word_1_84' title='bbox 1874 1239 1989 1303; x_wconf 89' lang='lat' dir='ltr'>aetatis</span> 
     </span>
     <span class='ocr_line' id='line_1_9' title="bbox 332 1340 815 1428; baseline 0.002 -23"><span class='ocrx_word' id='word_1_85' title='bbox 332 1340 451 1405; x_wconf 90' lang='lat' dir='ltr'>indicia</span> <span class='ocrx_word' id='word_1_86' title='bbox 474 1342 537 1405; x_wconf 89' lang='lat' dir='ltr'>alia</span> <span class='ocrx_word' id='word_1_87' title='bbox 560 1341 815 1428; x_wconf 90' lang='lat' dir='ltr'>deprehendent.</span> 
     </span>
    </p>

    <p class='ocr_par' dir='ltr' id='par_1_3' title="bbox 332 1443 1991 1843">
     <span class='ocr_line' id='line_1_10' title="bbox 434 1443 1989 1532; baseline 0 -23"><span class='ocrx_word' id='word_1_88' title='bbox 434 1444 610 1510; x_wconf 88' lang='lat' dir='ltr'>Intervalla</span> <span class='ocrx_word' id='word_1_89' title='bbox 633 1445 772 1532; x_wconf 90' lang='lat' dir='ltr'>denique</span> <span class='ocrx_word' id='word_1_90' title='bbox 793 1447 878 1510; x_wconf 91' lang='lat' dir='ltr'>inter</span> <span class='ocrx_word' id='word_1_91' title='bbox 901 1446 1116 1530; x_wconf 81' lang='lat' dir='ltr'>episcopatus,</span> <span class='ocrx_word' id='word_1_92' title='bbox 1141 1464 1224 1530; x_wconf 91' lang='lat' dir='ltr'>quae</span> <span class='ocrx_word' id='word_1_93' title='bbox 1249 1465 1320 1508; x_wconf 89' lang='lat' dir='ltr'>cum</span> <span class='ocrx_word' id='word_1_94' title='bbox 1344 1443 1451 1508; x_wconf 89' lang='lat' dir='ltr'>absint</span> <span class='ocrx_word' id='word_1_95' title='bbox 1473 1465 1493 1508; x_wconf 90' lang='lat' dir='ltr'>a</span> <span class='ocrx_word' id='word_1_96' title='bbox 1516 1444 1648 1531; x_wconf 91' lang='lat' dir='ltr'>reliquis</span> <span class='ocrx_word' id='word_1_97' title='bbox 1674 1445 1901 1532; x_wconf 88' lang='lat' dir='ltr'>episcoporum</span> <span class='ocrx_word' id='word_1_98' title='bbox 1921 1445 1989 1509; x_wconf 89' lang='lat' dir='ltr'>Ro·</span> 
     </span>
     <span class='ocr_line' id='line_1_11' title="bbox 332 1547 1991 1634; baseline 0.001 -22"><span class='ocrx_word' id='word_1_99' title='bbox 332 1568 500 1613; x_wconf 91' lang='lat' dir='ltr'>manorum</span> <span class='ocrx_word' id='word_1_100' title='bbox 535 1549 698 1614; x_wconf 88' lang='lat' dir='ltr'>laterculis</span> <span class='ocrx_word' id='word_1_101' title='bbox 731 1556 843 1614; x_wconf 90' lang='lat' dir='ltr'>auctor</span> <span class='ocrx_word' id='word_1_102' title='bbox 872 1549 1067 1612; x_wconf 87' lang='lat' dir='ltr'>Pontifioalis</span> <span class='ocrx_word' id='word_1_103' title='bbox 1098 1547 1171 1612; x_wconf 89' lang='lat' dir='ltr'>libri</span> <span class='ocrx_word' id='word_1_104' title='bbox 1204 1554 1363 1633; x_wconf 91' lang='lat' dir='ltr'>perpetuo</span> <span class='ocrx_word' id='word_1_105' title='bbox 1392 1548 1553 1629; x_wconf 90' lang='lat' dir='ltr'>enuntiat,</span> <span class='ocrx_word' id='word_1_106' title='bbox 1582 1549 1627 1613; x_wconf 93' lang='lat' dir='ltr'>sic</span> <span class='ocrx_word' id='word_1_107' title='bbox 1661 1555 1697 1612; x_wconf 89' lang='lat' dir='ltr'>nt</span> <span class='ocrx_word' id='word_1_108' title='bbox 1724 1550 1877 1634; x_wconf 91' lang='lat' dir='ltr'>leguntur</span> <span class='ocrx_word' id='word_1_109' title='bbox 1907 1549 1991 1614; x_wconf 83' lang='lat' dir='ltr'>inira</span> 
     </span>
     <span class='ocr_line' id='line_1_12' title="bbox 333 1651 1990 1741; baseline 0.001 -25"><span class='ocrx_word' id='word_1_110' title='bbox 333 1652 541 1717; x_wconf 88' lang='lat' dir='ltr'>ostendemus</span> <span class='ocrx_word' id='word_1_111' title='bbox 561 1653 716 1739; x_wconf 80' lang='lat' dir='ltr'>perscribi</span> <span class='ocrx_word' id='word_1_112' title='bbox 735 1675 799 1717; x_wconf 91' lang='lat' dir='ltr'>non</span> <span class='ocrx_word' id='word_1_113' title='bbox 815 1654 960 1741; x_wconf 91' lang='lat' dir='ltr'>potuisse</span> <span class='ocrx_word' id='word_1_114' title='bbox 977 1659 1086 1717; x_wconf 89' lang='lat' dir='ltr'>aetate</span> <span class='ocrx_word' id='word_1_115' title='bbox 1102 1651 1370 1734; x_wconf 85' lang='lat' dir='ltr'>Theodericiana,</span> <span class='ocrx_word' id='word_1_116' title='bbox 1394 1652 1453 1717; x_wconf 94' lang='lat' dir='ltr'>sed</span> <span class='ocrx_word' id='word_1_117' title='bbox 1477 1652 1634 1737; x_wconf 82' lang='lat' dir='ltr'>originem</span> <span class='ocrx_word' id='word_1_118' title='bbox 1656 1652 1731 1717; x_wconf 90' lang='lat' dir='ltr'>libri</span> <span class='ocrx_word' id='word_1_119' title='bbox 1746 1673 1806 1740; x_wconf 88' lang='lat' dir='ltr'>per</span> <span class='ocrx_word' id='word_1_120' title='bbox 1821 1673 1861 1717; x_wconf 88' lang='lat' dir='ltr'>ea</span> <span class='ocrx_word' id='word_1_121' title='bbox 1876 1653 1990 1718; x_wconf 81' lang='lat' dir='ltr'>referri</span> 
     </span>
     <span class='ocr_line' id='line_1_13' title="bbox 333 1756 993 1843; baseline 0.002 -23"><span class='ocrx_word' id='word_1_122' title='bbox 333 1756 376 1821; x_wconf 93' lang='lat' dir='ltr'>ad</span> <span class='ocrx_word' id='word_1_123' title='bbox 399 1758 521 1822; x_wconf 87' lang='lat' dir='ltr'>saeculi</span> <span class='ocrx_word' id='word_1_124' title='bbox 544 1759 672 1842; x_wconf 86' lang='lat' dir='ltr'>septimi</span> <span class='ocrx_word' id='word_1_125' title='bbox 695 1758 854 1823; x_wconf 88' lang='lat' dir='ltr'>decennia</span> <span class='ocrx_word' id='word_1_126' title='bbox 877 1759 993 1843; x_wconf 89' lang='lat' dir='ltr'>priora.</span> 
     </span>
    </p>

    <p class='ocr_par' dir='ltr' id='par_1_4' title="bbox 436 1859 1824 1946">
     <span class='ocr_line' id='line_1_14' title="bbox 436 1859 1824 1946; baseline 0 -22"><span class='ocrx_word' id='word_1_127' title='bbox 436 1859 593 1946; x_wconf 87' lang='lat' dir='ltr'>Superest</span> <span class='ocrx_word' id='word_1_128' title='bbox 615 1869 650 1926; x_wconf 90' lang='lat' dir='ltr'>ut</span> <span class='ocrx_word' id='word_1_129' title='bbox 673 1862 839 1926; x_wconf 89' lang='lat' dir='ltr'>videamus</span> <span class='ocrx_word' id='word_1_130' title='bbox 863 1862 904 1927; x_wconf 89' lang='lat' dir='ltr'>de</span> <span class='ocrx_word' id='word_1_131' title='bbox 926 1863 1118 1927; x_wconf 80' lang='lat' dir='ltr'>narrationis</span> <span class='ocrx_word' id='word_1_132' title='bbox 1141 1861 1352 1926; x_wconf 84' lang='lat' dir='ltr'>continuitate</span> <span class='ocrx_word' id='word_1_133' title='bbox 1376 1867 1409 1924; x_wconf 89' lang='lat' dir='ltr'>et</span> <span class='ocrx_word' id='word_1_134' title='bbox 1432 1861 1589 1924; x_wconf 90' lang='lat' dir='ltr'>sermonis</span> <span class='ocrx_word' id='word_1_135' title='bbox 1613 1861 1824 1946; x_wconf 88' lang='lat' dir='ltr'>proprietate.</span> 
     </span>
    </p>

    <p class='ocr_par' dir='ltr' id='par_1_5' title="bbox 331 1964 1992 3091">
     <span class='ocr_line' id='line_1_15' title="bbox 436 1964 1990 2051; baseline 0.001 -25"><span class='ocrx_word' id='word_1_136' title='bbox 436 1964 533 2030; x_wconf 85' lang='lat' dir='ltr'>Vitae</span> <span class='ocrx_word' id='word_1_137' title='bbox 558 1972 678 2051; x_wconf 90' lang='lat' dir='ltr'>quanta</span> <span class='ocrx_word' id='word_1_138' title='bbox 701 1966 909 2030; x_wconf 87' lang='lat' dir='ltr'>similitudine</span> <span class='ocrx_word' id='word_1_139' title='bbox 933 1967 1138 2051; x_wconf 82' lang='lat' dir='ltr'>explicentur</span> <span class='ocrx_word' id='word_1_140' title='bbox 1159 1985 1219 2051; x_wconf 89' lang='lat' dir='ltr'>per</span> <span class='ocrx_word' id='word_1_141' title='bbox 1241 1965 1371 2029; x_wconf 86' lang='lat' dir='ltr'>saecula</span> <span class='ocrx_word' id='word_1_142' title='bbox 1393 1965 1516 2050; x_wconf 89' lang='lat' dir='ltr'>priora,</span> <span class='ocrx_word' id='word_1_143' title='bbox 1545 1985 1611 2028; x_wconf 92' lang='lat' dir='ltr'>non</span> <span class='ocrx_word' id='word_1_144' title='bbox 1635 1985 1716 2050; x_wconf 92' lang='lat' dir='ltr'>opus</span> <span class='ocrx_word' id='word_1_145' title='bbox 1739 1971 1789 2028; x_wconf 88' lang='lat' dir='ltr'>est</span> <span class='ocrx_word' id='word_1_146' title='bbox 1813 1984 1990 2049; x_wconf 87' lang='lat' dir='ltr'>exponere.</span> 
     </span>
     <span class='ocr_line' id='line_1_16' title="bbox 333 2067 1990 2154; baseline -0.001 -22"><span class='ocrx_word' id='word_1_147' title='bbox 333 2067 402 2133; x_wconf 87' lang='lat' dir='ltr'>Sub</span> <span class='ocrx_word' id='word_1_148' title='bbox 423 2069 553 2133; x_wconf 92' lang='lat' dir='ltr'>nomine</span> <span class='ocrx_word' id='word_1_149' title='bbox 569 2068 704 2134; x_wconf 83' lang='lat' dir='ltr'>Damasi</span> <span class='ocrx_word' id='word_1_150' title='bbox 727 2092 798 2134; x_wconf 89' lang='lat' dir='ltr'>cum</span> <span class='ocrx_word' id='word_1_151' title='bbox 822 2077 934 2135; x_wconf 88' lang='lat' dir='ltr'>auctor</span> <span class='ocrx_word' id='word_1_152' title='bbox 955 2071 1058 2134; x_wconf 89' lang='lat' dir='ltr'>latere</span> <span class='ocrx_word' id='word_1_153' title='bbox 1082 2069 1229 2150; x_wconf 89' lang='lat' dir='ltr'>voluerit,</span> <span class='ocrx_word' id='word_1_154' title='bbox 1253 2073 1409 2154; x_wconf 90' lang='lat' dir='ltr'>expectes</span> <span class='ocrx_word' id='word_1_155' title='bbox 1433 2088 1507 2132; x_wconf 91' lang='lat' dir='ltr'>eum</span> <span class='ocrx_word' id='word_1_156' title='bbox 1530 2068 1670 2154; x_wconf 91' lang='lat' dir='ltr'>primum</span> <span class='ocrx_word' id='word_1_157' title='bbox 1686 2068 1794 2152; x_wconf 89' lang='lat' dir='ltr'>operis</span> <span class='ocrx_word' id='word_1_158' title='bbox 1817 2067 1990 2131; x_wconf 91' lang='lat' dir='ltr'>terminum</span> 
     </span>
     <span class='ocr_line' id='line_1_17' title="bbox 331 2171 1989 2260; baseline 0 -24"><span class='ocrx_word' id='word_1_159' title='bbox 331 2172 449 2238; x_wconf 83' lang='lat' dir='ltr'>fecisse</span> <span class='ocrx_word' id='word_1_160' title='bbox 472 2173 504 2237; x_wconf 91' lang='lat' dir='ltr'>in</span> <span class='ocrx_word' id='word_1_161' title='bbox 526 2172 671 2249; x_wconf 83' lang='lat' dir='ltr'>Liberi03</span> <span class='ocrx_word' id='word_1_162' title='bbox 695 2173 754 2238; x_wconf 90' lang='lat' dir='ltr'>sed</span> <span class='ocrx_word' id='word_1_163' title='bbox 775 2174 934 2260; x_wconf 87' lang='lat' dir='ltr'>scriptori,</span> <span class='ocrx_word' id='word_1_164' title='bbox 958 2174 1013 2259; x_wconf 93' lang='lat' dir='ltr'>qni</span> <span class='ocrx_word' id='word_1_165' title='bbox 1034 2173 1179 2238; x_wconf 80' lang='lat' dir='ltr'>Felicem</span> <span class='ocrx_word' id='word_1_166' title='bbox 1195 2173 1228 2236; x_wconf 93' lang='lat' dir='ltr'>II</span> <span class='ocrx_word' id='word_1_167' title='bbox 1250 2173 1283 2236; x_wconf 91' lang='lat' dir='ltr'>in</span> <span class='ocrx_word' id='word_1_168' title='bbox 1305 2173 1372 2236; x_wconf 91' lang='lat' dir='ltr'>vita</span> <span class='ocrx_word' id='word_1_169' title='bbox 1394 2172 1516 2237; x_wconf 91' lang='lat' dir='ltr'>Liberii</span> <span class='ocrx_word' id='word_1_170' title='bbox 1540 2173 1585 2236; x_wconf 89' lang='lat' dir='ltr'>ait</span> <span class='ocrx_word' id='word_1_171' title='bbox 1608 2173 1641 2236; x_wconf 93' lang='lat' dir='ltr'>in</span> <span class='ocrx_word' id='word_1_172' title='bbox 1663 2171 1832 2259; x_wconf 90' lang='lat' dir='ltr'>praediolo</span> <span class='ocrx_word' id='word_1_173' title='bbox 1856 2192 1914 2236; x_wconf 90' lang='lat' dir='ltr'>suo</span> <span class='ocrx_word' id='word_1_174' title='bbox 1937 2192 1989 2236; x_wconf 93' lang='lat' dir='ltr'>re-</span> 
     </span>
     <span class='ocr_line' id='line_1_18' title="bbox 334 2275 1992 2363; baseline 0 -23"><span class='ocrx_word' id='word_1_175' title='bbox 334 2276 494 2363; x_wconf 86' lang='lat' dir='ltr'>quievisse</span> <span class='ocrx_word' id='word_1_176' title='bbox 517 2283 551 2341; x_wconf 92' lang='lat' dir='ltr'>et</span> <span class='ocrx_word' id='word_1_177' title='bbox 573 2284 647 2363; x_wconf 92' lang='lat' dir='ltr'>post</span> <span class='ocrx_word' id='word_1_178' title='bbox 668 2298 789 2362; x_wconf 91' lang='lat' dir='ltr'>pancos</span> <span class='ocrx_word' id='word_1_179' title='bbox 812 2297 924 2342; x_wconf 89' lang='lat' dir='ltr'>versus</span> <span class='ocrx_word' id='word_1_180' title='bbox 947 2275 1037 2342; x_wconf 88' lang='lat' dir='ltr'>addit</span> <span class='ocrx_word' id='word_1_181' title='bbox 1060 2276 1199 2341; x_wconf 89' lang='lat' dir='ltr'>eundem</span> <span class='ocrx_word' id='word_1_182' title='bbox 1223 2276 1329 2363; x_wconf 90' lang='lat' dir='ltr'>capite</span> <span class='ocrx_word' id='word_1_183' title='bbox 1354 2296 1425 2340; x_wconf 91' lang='lat' dir='ltr'>esse</span> <span class='ocrx_word' id='word_1_184' title='bbox 1448 2282 1647 2357; x_wconf 89' lang='lat' dir='ltr'>truncatum,</span> <span class='ocrx_word' id='word_1_185' title='bbox 1670 2277 1816 2362; x_wconf 90' lang='lat' dir='ltr'>apprime</span> <span class='ocrx_word' id='word_1_186' title='bbox 1841 2277 1992 2341; x_wconf 91' lang='lat' dir='ltr'>convenit</span> 
     </span>
     <span class='ocr_line' id='line_1_19' title="bbox 334 2380 1990 2466; baseline 0.001 -22"><span class='ocrx_word' id='word_1_187' title='bbox 334 2400 448 2466; x_wconf 90' lang='lat' dir='ltr'>corpus</span> <span class='ocrx_word' id='word_1_188' title='bbox 471 2380 607 2444; x_wconf 88' lang='lat' dir='ltr'>vitarum</span> <span class='ocrx_word' id='word_1_189' title='bbox 624 2381 801 2446; x_wconf 89' lang='lat' dir='ltr'>aDamaso</span> <span class='ocrx_word' id='word_1_190' title='bbox 825 2381 1038 2463; x_wconf 91' lang='lat' dir='ltr'>elaboratum,</span> <span class='ocrx_word' id='word_1_191' title='bbox 1062 2381 1214 2445; x_wconf 90' lang='lat' dir='ltr'>seditem</span> <span class='ocrx_word' id='word_1_192' title='bbox 1238 2381 1404 2446; x_wconf 89' lang='lat' dir='ltr'>continens</span> <span class='ocrx_word' id='word_1_193' title='bbox 1427 2380 1495 2444; x_wconf 92' lang='lat' dir='ltr'>sine</span> <span class='ocrx_word' id='word_1_194' title='bbox 1519 2381 1585 2445; x_wconf 90' lang='lat' dir='ltr'>ulla</span> <span class='ocrx_word' id='word_1_195' title='bbox 1608 2382 1747 2445; x_wconf 89' lang='lat' dir='ltr'>auctoris</span> <span class='ocrx_word' id='word_1_196' title='bbox 1771 2380 1886 2445; x_wconf 88' lang='lat' dir='ltr'>mutati</span> <span class='ocrx_word' id='word_1_197' title='bbox 1906 2380 1990 2445; x_wconf 92' lang='lat' dir='ltr'>indi-</span> 
     </span>
     <span class='ocr_line' id='line_1_20' title="bbox 334 2483 1990 2571; baseline 0.001 -24"><span class='ocrx_word' id='word_1_198' title='bbox 334 2483 460 2547; x_wconf 89' lang='lat' dir='ltr'>catione</span> <span class='ocrx_word' id='word_1_199' title='bbox 487 2489 521 2548; x_wconf 91' lang='lat' dir='ltr'>et</span> <span class='ocrx_word' id='word_1_200' title='bbox 547 2485 646 2569; x_wconf 89' lang='lat' dir='ltr'>ipsius</span> <span class='ocrx_word' id='word_1_201' title='bbox 670 2484 803 2549; x_wconf 87' lang='lat' dir='ltr'>Damasi</span> <span class='ocrx_word' id='word_1_202' title='bbox 824 2486 925 2549; x_wconf 91' lang='lat' dir='ltr'>vitam</span> <span class='ocrx_word' id='word_1_203' title='bbox 956 2491 989 2549; x_wconf 89' lang='lat' dir='ltr'>et</span> <span class='ocrx_word' id='word_1_204' title='bbox 1016 2505 1246 2565; x_wconf 90' lang='lat' dir='ltr'>successorum,</span> <span class='ocrx_word' id='word_1_205' title='bbox 1275 2489 1421 2547; x_wconf 89' lang='lat' dir='ltr'>narratas</span> <span class='ocrx_word' id='word_1_206' title='bbox 1451 2503 1563 2548; x_wconf 92' lang='lat' dir='ltr'>omnes</span> <span class='ocrx_word' id='word_1_207' title='bbox 1594 2484 1665 2570; x_wconf 88' lang='lat' dir='ltr'>pari</span> <span class='ocrx_word' id='word_1_208' title='bbox 1696 2490 1729 2548; x_wconf 90' lang='lat' dir='ltr'>et</span> <span class='ocrx_word' id='word_1_209' title='bbox 1757 2485 1990 2571; x_wconf 88' lang='lat' dir='ltr'>aequabilitate</span> 
     </span>
     <span class='ocr_line' id='line_1_21' title="bbox 334 2586 1989 2673; baseline 0.001 -22"><span class='ocrx_word' id='word_1_210' title='bbox 334 2594 368 2651; x_wconf 91' lang='lat' dir='ltr'>et</span> <span class='ocrx_word' id='word_1_211' title='bbox 398 2587 552 2652; x_wconf 86' lang='lat' dir='ltr'>exilitate.</span> <span class='ocrx_word' id='word_1_212' title='bbox 598 2586 822 2653; x_wconf 90' lang='lat' dir='ltr'>Recensentur</span> <span class='ocrx_word' id='word_1_213' title='bbox 848 2590 880 2652; x_wconf 90' lang='lat' dir='ltr'>in</span> <span class='ocrx_word' id='word_1_214' title='bbox 908 2589 1041 2673; x_wconf 89' lang='lat' dir='ltr'>singulis</span> <span class='ocrx_word' id='word_1_215' title='bbox 1069 2593 1234 2651; x_wconf 87' lang='lat' dir='ltr'>momenta</span> <span class='ocrx_word' id='word_1_216' title='bbox 1263 2587 1381 2651; x_wconf 90' lang='lat' dir='ltr'>eadem</span> <span class='ocrx_word' id='word_1_217' title='bbox 1416 2587 1533 2652; x_wconf 90' lang='lat' dir='ltr'>eodem</span> <span class='ocrx_word' id='word_1_218' title='bbox 1568 2587 1638 2653; x_wconf 89' lang='lat' dir='ltr'>fere</span> <span class='ocrx_word' id='word_1_219' title='bbox 1674 2587 1786 2653; x_wconf 89' lang='lat' dir='ltr'>ordine</span> <span class='ocrx_word' id='word_1_220' title='bbox 1822 2591 1989 2665; x_wconf 86' lang='lat' dir='ltr'>collocata,</span> 
     </span>
     <span class='ocr_line' id='line_1_22' title="bbox 333 2691 1992 2779; baseline 0.001 -23"><span class='ocrx_word' id='word_1_221' title='bbox 333 2692 511 2779; x_wconf 89' lang='lat' dir='ltr'>interrupta</span> <span class='ocrx_word' id='word_1_222' title='bbox 532 2692 585 2756; x_wconf 92' lang='lat' dir='ltr'>hic</span> <span class='ocrx_word' id='word_1_223' title='bbox 606 2693 671 2758; x_wconf 93' lang='lat' dir='ltr'>illic</span> <span class='ocrx_word' id='word_1_224' title='bbox 694 2714 754 2778; x_wconf 91' lang='lat' dir='ltr'>per</span> <span class='ocrx_word' id='word_1_225' title='bbox 781 2695 896 2779; x_wconf 91' lang='lat' dir='ltr'>longos</span> <span class='ocrx_word' id='word_1_226' title='bbox 924 2692 1128 2757; x_wconf 90' lang='lat' dir='ltr'>donariorum</span> <span class='ocrx_word' id='word_1_227' title='bbox 1156 2712 1317 2756; x_wconf 76' lang='lat' dir='ltr'>recensus.</span> <span class='ocrx_word' id='word_1_228' title='bbox 1362 2691 1436 2756; x_wconf 87' lang='lat' dir='ltr'>Non</span> <span class='ocrx_word' id='word_1_229' title='bbox 1460 2693 1589 2756; x_wconf 93' lang='lat' dir='ltr'>omnino</span> <span class='ocrx_word' id='word_1_230' title='bbox 1614 2691 1730 2757; x_wconf 87' lang='lat' dir='ltr'>desunt</span> <span class='ocrx_word' id='word_1_231' title='bbox 1752 2693 1903 2763; x_wconf 86' lang='lat' dir='ltr'>meliora;</span> <span class='ocrx_word' id='word_1_232' title='bbox 1932 2692 1992 2757; x_wconf 86' lang='lat' dir='ltr'>sed</span> 
     </span>
     <span class='ocr_line' id='line_1_23' title="bbox 334 2796 1990 2883; baseline 0.001 -23"><span class='ocrx_word' id='word_1_233' title='bbox 334 2817 405 2860; x_wconf 92' lang='lat' dir='ltr'>cum</span> <span class='ocrx_word' id='word_1_234' title='bbox 429 2797 552 2861; x_wconf 89' lang='lat' dir='ltr'>auctori</span> <span class='ocrx_word' id='word_1_235' title='bbox 574 2798 668 2883; x_wconf 89' lang='lat' dir='ltr'>copia</span> <span class='ocrx_word' id='word_1_236' title='bbox 690 2798 787 2862; x_wconf 85' lang='lat' dir='ltr'>suerit</span> <span class='ocrx_word' id='word_1_237' title='bbox 809 2799 1031 2863; x_wconf 89' lang='lat' dir='ltr'>chronicorum</span> <span class='ocrx_word' id='word_1_238' title='bbox 1054 2796 1257 2877; x_wconf 89' lang='lat' dir='ltr'>Italicorum,</span> <span class='ocrx_word' id='word_1_239' title='bbox 1284 2802 1320 2860; x_wconf 91' lang='lat' dir='ltr'>ut</span> <span class='ocrx_word' id='word_1_240' title='bbox 1343 2817 1420 2860; x_wconf 93' lang='lat' dir='ltr'>mox</span> <span class='ocrx_word' id='word_1_241' title='bbox 1444 2796 1489 2883; x_wconf 92' lang='lat' dir='ltr'>(p.</span> <span class='ocrx_word' id='word_1_242' title='bbox 1507 2796 1605 2883; x_wconf 87' lang='lat' dir='ltr'>XIX)</span> <span class='ocrx_word' id='word_1_243' title='bbox 1629 2797 1827 2878; x_wconf 90' lang='lat' dir='ltr'>videbimus,</span> <span class='ocrx_word' id='word_1_244' title='bbox 1855 2817 1990 2862; x_wconf 89' lang='lat' dir='ltr'>necesse</span> 
     </span>
     <span class='ocr_line' id='line_1_24' title="bbox 333 2900 1991 2988; baseline 0.001 -25"><span class='ocrx_word' id='word_1_245' title='bbox 333 2907 384 2964; x_wconf 91' lang='lat' dir='ltr'>est</span> <span class='ocrx_word' id='word_1_246' title='bbox 405 2901 489 2964; x_wconf 87' lang='lat' dir='ltr'>inter</span> <span class='ocrx_word' id='word_1_247' title='bbox 511 2900 624 2965; x_wconf 92' lang='lat' dir='ltr'>sordes</span> <span class='ocrx_word' id='word_1_248' title='bbox 646 2902 731 2987; x_wconf 83' lang='lat' dir='ltr'>frugi</span> <span class='ocrx_word' id='word_1_249' title='bbox 754 2902 913 2988; x_wconf 91' lang='lat' dir='ltr'>quaedam</span> <span class='ocrx_word' id='word_1_250' title='bbox 937 2921 1108 2988; x_wconf 88' lang='lat' dir='ltr'>apparere.</span> <span class='ocrx_word' id='word_1_251' title='bbox 1153 2901 1205 2964; x_wconf 89' lang='lat' dir='ltr'>Ita</span> <span class='ocrx_word' id='word_1_252' title='bbox 1228 2901 1260 2964; x_wconf 91' lang='lat' dir='ltr'>in</span> <span class='ocrx_word' id='word_1_253' title='bbox 1283 2901 1349 2964; x_wconf 87' lang='lat' dir='ltr'>vita</span> <span class='ocrx_word' id='word_1_254' title='bbox 1364 2901 1488 2965; x_wconf 91' lang='lat' dir='ltr'>Liberii</span> <span class='ocrx_word' id='word_1_255' title='bbox 1512 2923 1583 2965; x_wconf 92' lang='lat' dir='ltr'>cnm</span> <span class='ocrx_word' id='word_1_256' title='bbox 1608 2901 1771 2966; x_wconf 87' lang='lat' dir='ltr'>erroribus</span> <span class='ocrx_word' id='word_1_257' title='bbox 1795 2900 1991 2985; x_wconf 87' lang='lat' dir='ltr'>gravissimis</span> 
     </span>
     <span class='ocr_line' id='line_1_25' title="bbox 333 3003 1991 3091; baseline -0.001 -23"><span class='ocrx_word' id='word_1_258' title='bbox 333 3003 471 3068; x_wconf 88' lang='lat' dir='ltr'>conflata</span> <span class='ocrx_word' id='word_1_259' title='bbox 494 3011 544 3068; x_wconf 90' lang='lat' dir='ltr'>est</span> <span class='ocrx_word' id='word_1_260' title='bbox 565 3007 705 3070; x_wconf 89' lang='lat' dir='ltr'>narratio</span> <span class='ocrx_word' id='word_1_261' title='bbox 729 3006 905 3091; x_wconf 91' lang='lat' dir='ltr'>probabilis</span> <span class='ocrx_word' id='word_1_262' title='bbox 929 3013 963 3070; x_wconf 89' lang='lat' dir='ltr'>et</span> <span class='ocrx_word' id='word_1_263' title='bbox 985 3004 1071 3091; x_wconf 91' lang='lat' dir='ltr'>apud</span> <span class='ocrx_word' id='word_1_264' title='bbox 1094 3011 1259 3069; x_wconf 88' lang='lat' dir='ltr'>auctorem</span> <span class='ocrx_word' id='word_1_265' title='bbox 1275 3004 1428 3069; x_wconf 89' lang='lat' dir='ltr'>Latinum</span> <span class='ocrx_word' id='word_1_266' title='bbox 1451 3005 1549 3069; x_wconf 90' lang='lat' dir='ltr'>aliurn</span> <span class='ocrx_word' id='word_1_267' title='bbox 1571 3006 1693 3070; x_wconf 92' lang='lat' dir='ltr'>nullum</span> <span class='ocrx_word' id='word_1_268' title='bbox 1717 3011 1857 3089; x_wconf 86' lang='lat' dir='ltr'>reperta.</span> <span class='ocrx_word' id='word_1_269' title='bbox 1896 3003 1991 3077; x_wconf 85' lang='lat' dir='ltr'>Quod</span> 
     </span>
    </p>
   </div>
   <div class='ocr_carea' id='block_1_3' title="bbox 333 3107 2119 3196">
    <p class='ocr_par' dir='ltr' id='par_1_6' title="bbox 333 3107 2119 3196">
     <span class='ocr_line' id='line_1_26' title="bbox 333 3107 2119 3196; baseline 0 -25"><span class='ocrx_word' id='word_1_270' title='bbox 333 3107 403 3172; x_wconf 83' lang='lat' dir='ltr'>fuse</span> <span class='ocrx_word' id='word_1_271' title='bbox 433 3109 584 3194; x_wconf 86' lang='lat' dir='ltr'>exposuit</span> <span class='ocrx_word' id='word_1_272' title='bbox 605 3108 808 3175; x_wconf 90' lang='lat' dir='ltr'>Duchcsnius</span> <span class='ocrx_word' id='word_1_273' title='bbox 838 3109 954 3196; x_wconf 85' lang='lat' dir='ltr'>(praes.</span> <span class='ocrx_word' id='word_1_274' title='bbox 985 3131 1015 3195; x_wconf 93' lang='lat' dir='ltr'>p.</span> <span class='ocrx_word' id='word_1_275' title='bbox 1036 3108 1391 3195; x_wconf 83' lang='lat' dir='ltr'>XXXVI-XLVIII)</span> <span class='ocrx_word' id='word_1_276' title='bbox 1420 3109 1461 3174; x_wconf 92' lang='lat' dir='ltr'>ab</span> <span class='ocrx_word' id='word_1_277' title='bbox 1484 3108 1658 3174; x_wconf 82' lang='lat' dir='ltr'>Anastasio</span> <span class='ocrx_word' id='word_1_278' title='bbox 1682 3108 1715 3172; x_wconf 92' lang='grc' dir='ltr'>ΙΙ</span> <span class='ocrx_word' id='word_1_279' title='bbox 1747 3107 1789 3171; x_wconf 91' lang='lat' dir='ltr'>ad</span> <span class='ocrx_word' id='word_1_280' title='bbox 1820 3107 1990 3172; x_wconf 88' lang='lat' dir='ltr'>Silverium</span> <span class='ocrx_word' id='word_1_281' title='bbox 2114 3164 2119 3171; x_wconf 89' lang='lat'>.</span> 
     </span>
    </p>
   </div>
   <div class='ocr_carea' id='block_1_4' title="bbox 332 3210 1990 5884">
    <p class='ocr_par' dir='ltr' id='par_1_7' title="bbox 332 3210 1990 5884">
     <span class='ocr_line' id='line_1_27' title="bbox 333 3210 1990 3299; baseline 0.001 -25"><span class='ocrx_word' id='word_1_282' title='bbox 333 3211 377 3296; x_wconf 92' lang='lat' dir='ltr'>(a.</span> <span class='ocrx_word' id='word_1_283' title='bbox 393 3212 580 3298; x_wconf 75' lang='lat' dir='ltr'>ree-537)</span> <span class='ocrx_word' id='word_1_284' title='bbox 613 3215 831 3279; x_wconf 89' lang='lat' dir='ltr'>narrationem</span> <span class='ocrx_word' id='word_1_285' title='bbox 864 3221 953 3279; x_wconf 89' lang='lat' dir='ltr'>recte</span> <span class='ocrx_word' id='word_1_286' title='bbox 988 3212 1181 3299; x_wconf 90' lang='lat' dir='ltr'>procedere,</span> <span class='ocrx_word' id='word_1_287' title='bbox 1215 3232 1374 3299; x_wconf 87' lang='lat' dir='ltr'>apparere</span> <span class='ocrx_word' id='word_1_288' title='bbox 1410 3214 1509 3277; x_wconf 90' lang='lat' dir='ltr'>etiam</span> <span class='ocrx_word' id='word_1_289' title='bbox 1536 3212 1588 3277; x_wconf 92' lang='lat' dir='ltr'>hic</span> <span class='ocrx_word' id='word_1_290' title='bbox 1615 3213 1680 3277; x_wconf 92' lang='lat' dir='ltr'>illic</span> <span class='ocrx_word' id='word_1_291' title='bbox 1713 3210 1833 3275; x_wconf 88' lang='lat' dir='ltr'>indicia</span> <span class='ocrx_word' id='word_1_292' title='bbox 1861 3212 1990 3298; x_wconf 89' lang='lat' dir='ltr'>spiritus</span> 
     </span>
     <span class='ocr_line' id='line_1_28' title="bbox 333 3314 1989 3404; baseline 0.001 -26"><span class='ocrx_word' id='word_1_293' title='bbox 333 3315 413 3391; x_wconf 89' lang='lat' dir='ltr'>eius,</span> <span class='ocrx_word' id='word_1_294' title='bbox 436 3336 499 3401; x_wconf 93' lang='lat' dir='ltr'>quo</span> <span class='ocrx_word' id='word_1_295' title='bbox 521 3325 677 3402; x_wconf 90' lang='lat' dir='ltr'>reguntur</span> <span class='ocrx_word' id='word_1_296' title='bbox 699 3320 862 3404; x_wconf 86' lang='lat' dir='ltr'>aequales,</span> <span class='ocrx_word' id='word_1_297' title='bbox 886 3317 919 3382; x_wconf 94' lang='lat' dir='ltr'>id</span> <span class='ocrx_word' id='word_1_298' title='bbox 942 3338 1000 3381; x_wconf 90' lang='lat' dir='ltr'>nos</span> <span class='ocrx_word' id='word_1_299' title='bbox 1022 3337 1150 3403; x_wconf 91' lang='lat' dir='ltr'>quoque</span> <span class='ocrx_word' id='word_1_300' title='bbox 1175 3316 1359 3402; x_wconf 89' lang='lat' dir='ltr'>probamus,</span> <span class='ocrx_word' id='word_1_301' title='bbox 1383 3315 1442 3381; x_wconf 91' lang='lat' dir='ltr'>sed</span> <span class='ocrx_word' id='word_1_302' title='bbox 1464 3322 1571 3380; x_wconf 89' lang='lat' dir='ltr'>utrum</span> <span class='ocrx_word' id='word_1_303' title='bbox 1595 3315 1793 3381; x_wconf 87' lang='lat' dir='ltr'>Pontificalis</span> <span class='ocrx_word' id='word_1_304' title='bbox 1815 3314 1898 3380; x_wconf 91' lang='lat' dir='ltr'>haec</span> <span class='ocrx_word' id='word_1_305' title='bbox 1920 3316 1989 3400; x_wconf 92' lang='lat' dir='ltr'>ipse</span> 
     </span>
     <span class='ocr_line' id='line_1_29' title="bbox 334 3417 1989 3508; baseline -0.001 -25"><span class='ocrx_word' id='word_1_306' title='bbox 334 3417 374 3483; x_wconf 91' lang='lat' dir='ltr'>de</span> <span class='ocrx_word' id='word_1_307' title='bbox 398 3440 456 3483; x_wconf 91' lang='lat' dir='ltr'>sna</span> <span class='ocrx_word' id='word_1_308' title='bbox 477 3421 635 3485; x_wconf 89' lang='lat' dir='ltr'>memoria</span> <span class='ocrx_word' id='word_1_309' title='bbox 658 3429 786 3487; x_wconf 90' lang='lat' dir='ltr'>enarret</span> <span class='ocrx_word' id='word_1_310' title='bbox 808 3443 849 3486; x_wconf 90' lang='lat' dir='ltr'>an</span> <span class='ocrx_word' id='word_1_311' title='bbox 872 3428 1026 3508; x_wconf 89' lang='lat' dir='ltr'>sequatur</span> <span class='ocrx_word' id='word_1_312' title='bbox 1047 3420 1167 3485; x_wconf 88' lang='lat' dir='ltr'>bonurn</span> <span class='ocrx_word' id='word_1_313' title='bbox 1185 3427 1362 3500; x_wconf 86' lang='lat' dir='ltr'>auctorem,</span> <span class='ocrx_word' id='word_1_314' title='bbox 1385 3419 1419 3484; x_wconf 92' lang='lat' dir='ltr'>id</span> <span class='ocrx_word' id='word_1_315' title='bbox 1439 3420 1614 3506; x_wconf 89' lang='lat' dir='ltr'>quaeritur,</span> <span class='ocrx_word' id='word_1_316' title='bbox 1637 3419 1780 3484; x_wconf 85' lang='lat' dir='ltr'>maxime</span> <span class='ocrx_word' id='word_1_317' title='bbox 1804 3419 1836 3483; x_wconf 94' lang='lat' dir='ltr'>in</span> <span class='ocrx_word' id='word_1_318' title='bbox 1859 3418 1989 3483; x_wconf 92' lang='lat' dir='ltr'>homine</span> 
     </span>
     <span class='ocr_line' id='line_1_30' title="bbox 333 3522 1988 3611; baseline 0.001 -26"><span class='ocrx_word' id='word_1_319' title='bbox 333 3542 584 3609; x_wconf 88' lang='lat' dir='ltr'>saepenumero,</span> <span class='ocrx_word' id='word_1_320' title='bbox 617 3532 653 3589; x_wconf 91' lang='lat' dir='ltr'>ut</span> <span class='ocrx_word' id='word_1_321' title='bbox 686 3527 876 3611; x_wconf 90' lang='lat' dir='ltr'>praesertim</span> <span class='ocrx_word' id='word_1_322' title='bbox 911 3525 1132 3591; x_wconf 89' lang='lat' dir='ltr'>demonstrant</span> <span class='ocrx_word' id='word_1_323' title='bbox 1165 3545 1249 3611; x_wconf 90' lang='lat' dir='ltr'>quae</span> <span class='ocrx_word' id='word_1_324' title='bbox 1287 3546 1329 3589; x_wconf 83' lang='lat' dir='ltr'>ex</span> <span class='ocrx_word' id='word_1_325' title='bbox 1364 3525 1445 3589; x_wconf 90' lang='lat' dir='ltr'>actis</span> <span class='ocrx_word' id='word_1_326' title='bbox 1479 3525 1604 3589; x_wconf 89' lang='lat' dir='ltr'>concilii</span> <span class='ocrx_word' id='word_1_327' title='bbox 1633 3522 1787 3588; x_wconf 88' lang='lat' dir='ltr'>Laterani</span> <span class='ocrx_word' id='word_1_328' title='bbox 1817 3524 1988 3608; x_wconf 87' lang='lat' dir='ltr'>excerpsit,</span> 
     </span>
     <span class='ocr_line' id='line_1_31' title="bbox 333 3624 1990 3716; baseline 0.002 -28"><span class='ocrx_word' id='word_1_329' title='bbox 333 3624 531 3712; x_wconf 87' lang='lat' dir='ltr'>descriptore</span> <span class='ocrx_word' id='word_1_330' title='bbox 548 3631 651 3714; x_wconf 91' lang='lat' dir='ltr'>magis</span> <span class='ocrx_word' id='word_1_331' title='bbox 674 3651 770 3715; x_wconf 91' lang='lat' dir='ltr'>quam</span> <span class='ocrx_word' id='word_1_332' title='bbox 794 3631 962 3716; x_wconf 88' lang='lat' dir='ltr'>scriptore.</span> <span class='ocrx_word' id='word_1_333' title='bbox 1000 3628 1105 3702; x_wconf 84' lang='lat' dir='ltr'>Quam</span> <span class='ocrx_word' id='word_1_334' title='bbox 1128 3628 1216 3693; x_wconf 91' lang='lat' dir='ltr'>rudis</span> <span class='ocrx_word' id='word_1_335' title='bbox 1238 3628 1321 3693; x_wconf 88' lang='lat' dir='ltr'>haec</span> <span class='ocrx_word' id='word_1_336' title='bbox 1343 3630 1447 3693; x_wconf 90' lang='lat' dir='ltr'>moles</span> <span class='ocrx_word' id='word_1_337' title='bbox 1470 3629 1520 3710; x_wconf 90' lang='lat' dir='ltr'>sit,</span> <span class='ocrx_word' id='word_1_338' title='bbox 1546 3628 1679 3713; x_wconf 89' lang='lat' dir='ltr'>egregie</span> <span class='ocrx_word' id='word_1_339' title='bbox 1701 3628 1770 3713; x_wconf 89' lang='lat' dir='ltr'>ipse</span> <span class='ocrx_word' id='word_1_340' title='bbox 1787 3626 1990 3691; x_wconf 85' lang='lat' dir='ltr'>Duchcsnius</span> 
     </span>
     <span class='ocr_line' id='line_1_32' title="bbox 333 3729 1990 3817; baseline -0.001 -23"><span class='ocrx_word' id='word_1_341' title='bbox 333 3729 368 3815; x_wconf 86' lang='lat' dir='ltr'>(l.</span> <span class='ocrx_word' id='word_1_342' title='bbox 385 3751 412 3795; x_wconf 91' lang='lat' dir='ltr'>c.</span> <span class='ocrx_word' id='word_1_343' title='bbox 431 3737 465 3795; x_wconf 89' lang='lat' dir='ltr'>et</span> <span class='ocrx_word' id='word_1_344' title='bbox 486 3753 518 3817; x_wconf 95' lang='lat' dir='ltr'>p.</span> <span class='ocrx_word' id='word_1_345' title='bbox 536 3736 611 3812; x_wconf 82' lang='lat'><strong>294)</strong></span> <span class='ocrx_word' id='word_1_346' title='bbox 635 3733 752 3816; x_wconf 91' lang='lat' dir='ltr'>docuit,</span> <span class='ocrx_word' id='word_1_347' title='bbox 777 3734 1000 3799; x_wconf 90' lang='lat' dir='ltr'>demonstrans</span> <span class='ocrx_word' id='word_1_348' title='bbox 1023 3735 1055 3798; x_wconf 93' lang='lat' dir='ltr'>in</span> <span class='ocrx_word' id='word_1_349' title='bbox 1078 3733 1187 3798; x_wconf 87' lang='lat' dir='ltr'>media</span> <span class='ocrx_word' id='word_1_350' title='bbox 1209 3733 1276 3797; x_wconf 87' lang='lat' dir='ltr'>vita</span> <span class='ocrx_word' id='word_1_351' title='bbox 1300 3732 1428 3797; x_wconf 89' lang='lat' dir='ltr'>Silverii</span> <span class='ocrx_word' id='word_1_352' title='bbox 1451 3731 1526 3795; x_wconf 94' lang='lat' dir='ltr'>inde</span> <span class='ocrx_word' id='word_1_353' title='bbox 1551 3730 1694 3796; x_wconf 90' lang='lat' dir='ltr'>averbis</span> <span class='ocrx_word' id='word_1_354' title='bbox 1716 3752 1748 3817; x_wconf 92' lang='lat' dir='ltr'>p.</span> <span class='ocrx_word' id='word_1_355' title='bbox 1770 3734 1864 3810; x_wconf 41' lang='lat' dir='ltr'>146st</span> <span class='ocrx_word' id='word_1_356' title='bbox 1887 3730 1990 3794; x_wconf 85' lang='lat' dir='ltr'>eodem</span> 
     </span>
     <span class='ocr_line' id='line_1_33' title="bbox 332 3835 1989 3926; baseline 0 -28"><span class='ocrx_word' id='word_1_357' title='bbox 332 3838 467 3915; x_wconf 80' lang='lat' dir='ltr'>tempore</span> <span class='ocrx_word' id='word_1_358' title='bbox 500 3835 674 3901; x_wconf 75' lang='lat' dir='ltr'>ambulavit</span> <span class='ocrx_word' id='word_1_359' title='bbox 705 3840 921 3903; x_wconf 89' lang='lat' dir='ltr'>narrationem</span> <span class='ocrx_word' id='word_1_360' title='bbox 952 3839 1095 3926; x_wconf 90' lang='lat' dir='ltr'>incipere</span> <span class='ocrx_word' id='word_1_361' title='bbox 1125 3857 1245 3922; x_wconf 88' lang='lat' dir='ltr'>magna</span> <span class='ocrx_word' id='word_1_362' title='bbox 1274 3858 1316 3901; x_wconf 83' lang='lat' dir='ltr'>ex</span> <span class='ocrx_word' id='word_1_363' title='bbox 1349 3842 1443 3921; x_wconf 87' lang='lat' dir='ltr'>parte</span> <span class='ocrx_word' id='word_1_364' title='bbox 1476 3841 1550 3900; x_wconf 90' lang='lat' dir='ltr'>ante</span> <span class='ocrx_word' id='word_1_365' title='bbox 1582 3835 1752 3922; x_wconf 89' lang='lat' dir='ltr'>proposita</span> <span class='ocrx_word' id='word_1_366' title='bbox 1784 3840 1989 3921; x_wconf 88' lang='lat' dir='ltr'>repetentem</span> 
     </span>
     <span class='ocr_line' id='line_1_34' title="bbox 332 3937 1988 4028; baseline 0.001 -28"><span class='ocrx_word' id='word_1_367' title='bbox 332 3937 446 4023; x_wconf 87' lang='lat' dir='ltr'>spiritu</span> <span class='ocrx_word' id='word_1_368' title='bbox 468 3941 565 4025; x_wconf 90' lang='lat' dir='ltr'>plane</span> <span class='ocrx_word' id='word_1_369' title='bbox 589 3941 716 4006; x_wconf 89' lang='lat' dir='ltr'>diverso</span> <span class='ocrx_word' id='word_1_370' title='bbox 733 3948 767 4006; x_wconf 92' lang='lat' dir='ltr'>et</span> <span class='ocrx_word' id='word_1_371' title='bbox 781 3943 849 4007; x_wconf 91' lang='lat' dir='ltr'>sine</span> <span class='ocrx_word' id='word_1_372' title='bbox 874 3942 971 4008; x_wconf 91' lang='lat' dir='ltr'>dubio</span> <span class='ocrx_word' id='word_1_373' title='bbox 995 3945 1028 4007; x_wconf 94' lang='lat' dir='ltr'>in</span> <span class='ocrx_word' id='word_1_374' title='bbox 1050 3942 1214 4028; x_wconf 91' lang='lat' dir='ltr'>plerisque</span> <span class='ocrx_word' id='word_1_375' title='bbox 1238 3940 1504 4005; x_wconf 88' lang='lat' dir='ltr'>commenticiam.</span> <span class='ocrx_word' id='word_1_376' title='bbox 1543 3939 1637 4004; x_wconf 91' lang='lat' dir='ltr'>Idem</span> <span class='ocrx_word' id='word_1_377' title='bbox 1653 3938 1856 4004; x_wconf 91' lang='lat' dir='ltr'>Duchesnius</span> <span class='ocrx_word' id='word_1_378' title='bbox 1877 3960 1988 4003; x_wconf 89' lang='lat' dir='ltr'>nerra·</span> 
     </span>
     <span class='ocr_line' id='line_1_35' title="bbox 332 4041 1989 4131; baseline 0.002 -27"><span class='ocrx_word' id='word_1_379' title='bbox 332 4041 437 4106; x_wconf 88' lang='lat' dir='ltr'>tiones</span> <span class='ocrx_word' id='word_1_380' title='bbox 465 4042 536 4107; x_wconf 89' lang='lat' dir='ltr'>illas</span> <span class='ocrx_word' id='word_1_381' title='bbox 567 4053 657 4111; x_wconf 88' lang='lat' dir='ltr'>recte</span> <span class='ocrx_word' id='word_1_382' title='bbox 685 4045 900 4131; x_wconf 89' lang='lat' dir='ltr'>procedentes</span> <span class='ocrx_word' id='word_1_383' title='bbox 927 4067 991 4111; x_wconf 90' lang='lat' dir='ltr'>non</span> <span class='ocrx_word' id='word_1_384' title='bbox 1017 4052 1117 4130; x_wconf 89' lang='lat' dir='ltr'>negat</span> <span class='ocrx_word' id='word_1_385' title='bbox 1142 4045 1332 4130; x_wconf 90' lang='lat' dir='ltr'>interrumpi</span> <span class='ocrx_word' id='word_1_386' title='bbox 1355 4044 1466 4108; x_wconf 86' lang='lat' dir='ltr'>mortis</span> <span class='ocrx_word' id='word_1_387' title='bbox 1497 4043 1612 4109; x_wconf 90' lang='lat' dir='ltr'>diebus</span> <span class='ocrx_word' id='word_1_388' title='bbox 1643 4045 1747 4124; x_wconf 82' lang='lat' dir='ltr'>falsis,</span> <span class='ocrx_word' id='word_1_389' title='bbox 1774 4050 1809 4109; x_wconf 90' lang='lat' dir='ltr'>ut</span> <span class='ocrx_word' id='word_1_390' title='bbox 1836 4044 1866 4108; x_wconf 93' lang='lat' dir='ltr'>in</span> <span class='ocrx_word' id='word_1_391' title='bbox 1890 4042 1989 4108; x_wconf 91' lang='lat' dir='ltr'>Boni-</span> 
     </span>
     <span class='ocr_line' id='line_1_36' title="bbox 332 4144 1989 4236; baseline 0.003 -28"><span class='ocrx_word' id='word_1_392' title='bbox 332 4144 412 4210; x_wconf 82' lang='lat' dir='ltr'>fatio</span> <span class='ocrx_word' id='word_1_393' title='bbox 428 4145 462 4211; x_wconf 95' lang='grc' dir='ltr'>Π</span> <span class='ocrx_word' id='word_1_394' title='bbox 484 4147 530 4234; x_wconf 87' lang='lat' dir='ltr'>(p.</span> <span class='ocrx_word' id='word_1_395' title='bbox 552 4149 659 4234; x_wconf 78' lang='grc' dir='ltr'>146,ι)</span> <span class='ocrx_word' id='word_1_396' title='bbox 684 4157 717 4214; x_wconf 92' lang='lat' dir='ltr'>et</span> <span class='ocrx_word' id='word_1_397' title='bbox 739 4150 883 4214; x_wconf 92' lang='lat' dir='ltr'>Iohanne</span> <span class='ocrx_word' id='word_1_398' title='bbox 903 4149 937 4214; x_wconf 95' lang='grc' dir='ltr'>ΙΙ</span> <span class='ocrx_word' id='word_1_399' title='bbox 961 4148 1006 4236; x_wconf 85' lang='lat' dir='ltr'>(p.</span> <span class='ocrx_word' id='word_1_400' title='bbox 1027 4148 1167 4233; x_wconf 75' lang='lat' dir='ltr'>ldl,aa);</span> <span class='ocrx_word' id='word_1_401' title='bbox 1198 4169 1254 4212; x_wconf 88' lang='lat' dir='ltr'>eos</span> <span class='ocrx_word' id='word_1_402' title='bbox 1283 4147 1352 4212; x_wconf 92' lang='lat' dir='ltr'>dies</span> <span class='ocrx_word' id='word_1_403' title='bbox 1379 4149 1425 4213; x_wconf 90' lang='lat' dir='ltr'>ait</span> <span class='ocrx_word' id='word_1_404' title='bbox 1453 4148 1680 4234; x_wconf 90' lang='lat' dir='ltr'>interpolatos,</span> <span class='ocrx_word' id='word_1_405' title='bbox 1715 4149 1785 4234; x_wconf 89' lang='lat' dir='ltr'>quis</span> <span class='ocrx_word' id='word_1_406' title='bbox 1813 4149 1989 4235; x_wconf 89' lang='lat' dir='ltr'>interpola-</span> 
     </span>
     <span class='ocr_line' id='line_1_37' title="bbox 332 4251 1989 4337; baseline 0.002 -24"><span class='ocrx_word' id='word_1_407' title='bbox 332 4251 431 4331; x_wconf 90' lang='lat' dir='ltr'>verit,</span> <span class='ocrx_word' id='word_1_408' title='bbox 458 4272 523 4316; x_wconf 91' lang='lat' dir='ltr'>non</span> <span class='ocrx_word' id='word_1_409' title='bbox 546 4252 636 4334; x_wconf 91' lang='lat' dir='ltr'>dicit,</span> <span class='ocrx_word' id='word_1_410' title='bbox 665 4274 738 4318; x_wconf 88' lang='lat' dir='ltr'>cnm</span> <span class='ocrx_word' id='word_1_411' title='bbox 765 4254 934 4319; x_wconf 89' lang='lat' dir='ltr'>evidenter</span> <span class='ocrx_word' id='word_1_412' title='bbox 955 4254 1095 4317; x_wconf 89' lang='lat' dir='ltr'>narratio</span> <span class='ocrx_word' id='word_1_413' title='bbox 1118 4273 1196 4316; x_wconf 90' lang='lat' dir='ltr'>vera</span> <span class='ocrx_word' id='word_1_414' title='bbox 1219 4252 1329 4316; x_wconf 91' lang='lat' dir='ltr'>veniat</span> <span class='ocrx_word' id='word_1_415' title='bbox 1360 4252 1402 4317; x_wconf 92' lang='lat' dir='ltr'>ab</span> <span class='ocrx_word' id='word_1_416' title='bbox 1432 4259 1563 4317; x_wconf 89' lang='lat' dir='ltr'>anctore</span> <span class='ocrx_word' id='word_1_417' title='bbox 1593 4252 1753 4337; x_wconf 89' lang='lat' dir='ltr'>expilata,</span> <span class='ocrx_word' id='word_1_418' title='bbox 1786 4251 1855 4317; x_wconf 90' lang='lat' dir='ltr'>dies</span> <span class='ocrx_word' id='word_1_419' title='bbox 1883 4252 1989 4318; x_wconf 87' lang='lat' dir='ltr'>ficticii</span> 
     </span>
     <span class='ocr_line' id='line_1_38' title="bbox 332 4352 1987 4445; baseline 0.002 -28"><span class='ocrx_word' id='word_1_420' title='bbox 332 4352 373 4417; x_wconf 94' lang='lat' dir='ltr'>ab</span> <span class='ocrx_word' id='word_1_421' title='bbox 403 4357 594 4440; x_wconf 87' lang='lat' dir='ltr'>expilatore.</span> <span class='ocrx_word' id='word_1_422' title='bbox 645 4356 752 4444; x_wconf 89' lang='lat' dir='ltr'>Saepe</span> <span class='ocrx_word' id='word_1_423' title='bbox 781 4364 940 4445; x_wconf 88' lang='lat' dir='ltr'>apparent</span> <span class='ocrx_word' id='word_1_424' title='bbox 969 4356 1086 4421; x_wconf 89' lang='lat' dir='ltr'>indicia</span> <span class='ocrx_word' id='word_1_425' title='bbox 1109 4357 1247 4421; x_wconf 88' lang='lat' dir='ltr'>auctoris</span> <span class='ocrx_word' id='word_1_426' title='bbox 1271 4357 1431 4441; x_wconf 88' lang='lat' dir='ltr'>aequalis,</span> <span class='ocrx_word' id='word_1_427' title='bbox 1463 4357 1606 4442; x_wconf 83' lang='lat' dir='ltr'>exempli</span> <span class='ocrx_word' id='word_1_428' title='bbox 1630 4377 1728 4420; x_wconf 91' lang='lat' dir='ltr'>causa</span> <span class='ocrx_word' id='word_1_429' title='bbox 1750 4357 1781 4420; x_wconf 93' lang='lat' dir='ltr'>in</span> <span class='ocrx_word' id='word_1_430' title='bbox 1804 4357 1870 4420; x_wconf 92' lang='lat' dir='ltr'>vita</span> <span class='ocrx_word' id='word_1_431' title='bbox 1894 4357 1987 4442; x_wconf 89' lang='lat' dir='ltr'>Sym-</span> 
     </span>
     <span class='ocr_line' id='line_1_39' title="bbox 333 4458 1988 4547; baseline 0.002 -26"><span class='ocrx_word' id='word_1_432' title='bbox 333 4458 439 4523; x_wconf 91' lang='lat' dir='ltr'>machi</span> <span class='ocrx_word' id='word_1_433' title='bbox 461 4462 645 4526; x_wconf 89' lang='lat' dir='ltr'>consulatus</span> <span class='ocrx_word' id='word_1_434' title='bbox 668 4462 794 4526; x_wconf 90' lang='lat' dir='ltr'>Paulini</span> <span class='ocrx_word' id='word_1_435' title='bbox 818 4460 994 4527; x_wconf 89' lang='lat' dir='ltr'>secundum</span> <span class='ocrx_word' id='word_1_436' title='bbox 1021 4482 1113 4524; x_wconf 91' lang='lat' dir='ltr'>usum</span> <span class='ocrx_word' id='word_1_437' title='bbox 1137 4459 1310 4524; x_wconf 83' lang='lat' dir='ltr'>Gothicum</span> <span class='ocrx_word' id='word_1_438' title='bbox 1337 4461 1383 4545; x_wconf 90' lang='lat' dir='ltr'>(p.</span> <span class='ocrx_word' id='word_1_439' title='bbox 1404 4462 1473 4539; x_wconf 80' lang='lat'>122,</span> <span class='ocrx_word' id='word_1_440' title='bbox 1486 4460 1536 4542; x_wconf 76' lang='lat' dir='ltr'>aa),</span> <span class='ocrx_word' id='word_1_441' title='bbox 1561 4466 1594 4523; x_wconf 92' lang='lat' dir='ltr'>et</span> <span class='ocrx_word' id='word_1_442' title='bbox 1617 4465 1766 4545; x_wconf 88' lang='lat' dir='ltr'>tempore</span> <span class='ocrx_word' id='word_1_443' title='bbox 1790 4461 1988 4547; x_wconf 88' lang='lat' dir='ltr'>procedente</span> 
     </span>
     <span class='ocr_line' id='line_1_40' title="bbox 332 4563 1988 4650; baseline 0.001 -24"><span class='ocrx_word' id='word_1_444' title='bbox 332 4565 469 4650; x_wconf 91' lang='lat' dir='ltr'>scriptor</span> <span class='ocrx_word' id='word_1_445' title='bbox 495 4586 515 4629; x_wconf 95' lang='lat' dir='ltr'>a</span> <span class='ocrx_word' id='word_1_446' title='bbox 544 4567 640 4631; x_wconf 90' lang='lat' dir='ltr'>meris</span> <span class='ocrx_word' id='word_1_447' title='bbox 674 4566 791 4631; x_wconf 85' lang='lat' dir='ltr'>sabulis</span> <span class='ocrx_word' id='word_1_448' title='bbox 821 4567 986 4631; x_wconf 90' lang='lat' dir='ltr'>abstinens</span> <span class='ocrx_word' id='word_1_449' title='bbox 1018 4567 1050 4629; x_wconf 90' lang='lat' dir='ltr'>in</span> <span class='ocrx_word' id='word_1_450' title='bbox 1082 4566 1266 4629; x_wconf 88' lang='lat' dir='ltr'>universum</span> <span class='ocrx_word' id='word_1_451' title='bbox 1302 4564 1448 4650; x_wconf 91' lang='lat' dir='ltr'>sequitur</span> <span class='ocrx_word' id='word_1_452' title='bbox 1483 4563 1629 4627; x_wconf 91' lang='lat' dir='ltr'>ordinem</span> <span class='ocrx_word' id='word_1_453' title='bbox 1663 4583 1771 4627; x_wconf 87' lang='lat' dir='ltr'>rerum</span> <span class='ocrx_word' id='word_1_454' title='bbox 1808 4569 1988 4648; x_wconf 68' lang='lat' dir='ltr'>gestarum</span> 
     </span>
     <span class='ocr_line' id='line_1_41' title="bbox 332 4666 1989 4756; baseline 0.001 -27"><span class='ocrx_word' id='word_1_455' title='bbox 332 4667 537 4735; x_wconf 91' lang='lat' dir='ltr'>nihilominus</span> <span class='ocrx_word' id='word_1_456' title='bbox 564 4670 731 4735; x_wconf 88' lang='lat' dir='ltr'>abundant</span> <span class='ocrx_word' id='word_1_457' title='bbox 758 4691 883 4734; x_wconf 87' lang='lat' dir='ltr'>errores</span> <span class='ocrx_word' id='word_1_458' title='bbox 912 4671 1011 4750; x_wconf 90' lang='lat' dir='ltr'>tales,</span> <span class='ocrx_word' id='word_1_459' title='bbox 1045 4669 1157 4756; x_wconf 89' lang='lat' dir='ltr'>quales</span> <span class='ocrx_word' id='word_1_460' title='bbox 1189 4668 1334 4754; x_wconf 88' lang='lat' dir='ltr'>aequalis</span> <span class='ocrx_word' id='word_1_461' title='bbox 1357 4668 1559 4732; x_wconf 89' lang='lat' dir='ltr'>committere</span> <span class='ocrx_word' id='word_1_462' title='bbox 1588 4688 1653 4731; x_wconf 92' lang='lat' dir='ltr'>non</span> <span class='ocrx_word' id='word_1_463' title='bbox 1683 4668 1797 4752; x_wconf 89' lang='lat' dir='ltr'>potuit.</span> <span class='ocrx_word' id='word_1_464' title='bbox 1842 4666 1938 4731; x_wconf 81' lang='lat' dir='ltr'>Certe</span> <span class='ocrx_word' id='word_1_465' title='bbox 1962 4669 1989 4731; x_wconf 93' lang='lat' dir='ltr'>si</span> 
     </span>
     <span class='ocr_line' id='line_1_42' title="bbox 332 4770 1987 4861; baseline 0.001 -28"><span class='ocrx_word' id='word_1_466' title='bbox 332 4770 405 4835; x_wconf 88' lang='lat' dir='ltr'>libri</span> <span class='ocrx_word' id='word_1_467' title='bbox 433 4771 531 4837; x_wconf 93' lang='lat' dir='ltr'>editio</span> <span class='ocrx_word' id='word_1_468' title='bbox 564 4775 652 4860; x_wconf 92' lang='lat' dir='ltr'>prior</span> <span class='ocrx_word' id='word_1_469' title='bbox 679 4775 799 4861; x_wconf 88' lang='lat' dir='ltr'>scripta</span> <span class='ocrx_word' id='word_1_470' title='bbox 831 4780 895 4854; x_wconf 90' lang='lat' dir='ltr'>est,</span> <span class='ocrx_word' id='word_1_471' title='bbox 929 4781 965 4839; x_wconf 89' lang='lat' dir='ltr'>ut</span> <span class='ocrx_word' id='word_1_472' title='bbox 993 4794 1065 4838; x_wconf 90' lang='lat' dir='ltr'>eam</span> <span class='ocrx_word' id='word_1_473' title='bbox 1093 4773 1245 4858; x_wconf 88' lang='lat' dir='ltr'>scriptam</span> <span class='ocrx_word' id='word_1_474' title='bbox 1277 4771 1380 4836; x_wconf 89' lang='lat' dir='ltr'>credit</span> <span class='ocrx_word' id='word_1_475' title='bbox 1410 4770 1629 4851; x_wconf 84' lang='lat' dir='ltr'>Duchcsnius,</span> <span class='ocrx_word' id='word_1_476' title='bbox 1660 4770 1795 4835; x_wconf 90' lang='lat' dir='ltr'>sedente</span> <span class='ocrx_word' id='word_1_477' title='bbox 1826 4770 1987 4835; x_wconf 88' lang='lat' dir='ltr'>Bonifatio</span> 
     </span>
     <span class='ocr_line' id='line_1_43' title="bbox 333 4873 1988 4963; baseline 0.001 -25"><span class='ocrx_word' id='word_1_478' title='bbox 333 4875 475 4940; x_wconf 91' lang='lat' dir='ltr'>secundo</span> <span class='ocrx_word' id='word_1_479' title='bbox 500 4878 709 4963; x_wconf 76' lang='lat' dir='ltr'>(seo-532),</span> <span class='ocrx_word' id='word_1_480' title='bbox 737 4877 770 4944; x_wconf 95' lang='lat' dir='ltr'>id</span> <span class='ocrx_word' id='word_1_481' title='bbox 794 4884 844 4943; x_wconf 92' lang='lat' dir='ltr'>est</span> <span class='ocrx_word' id='word_1_482' title='bbox 866 4878 925 4942; x_wconf 92' lang='lat' dir='ltr'>sub</span> <span class='ocrx_word' id='word_1_483' title='bbox 948 4898 1027 4962; x_wconf 90' lang='lat' dir='ltr'>rege</span> <span class='ocrx_word' id='word_1_484' title='bbox 1050 4875 1237 4940; x_wconf 82' lang='lat' dir='ltr'>Athalarico</span> <span class='ocrx_word' id='word_1_485' title='bbox 1260 4875 1294 4939; x_wconf 92' lang='lat' dir='ltr'>in</span> <span class='ocrx_word' id='word_1_486' title='bbox 1317 4876 1387 4960; x_wconf 91' lang='lat' dir='ltr'>ipso</span> <span class='ocrx_word' id='word_1_487' title='bbox 1411 4876 1549 4938; x_wconf 89' lang='lat' dir='ltr'>termino</span> <span class='ocrx_word' id='word_1_488' title='bbox 1579 4875 1672 4960; x_wconf 91' lang='lat' dir='ltr'>regni</span> <span class='ocrx_word' id='word_1_489' title='bbox 1695 4873 1929 4960; x_wconf 88' lang='lat' dir='ltr'>Ostrogothici‚</span> <span class='ocrx_word' id='word_1_490' title='bbox 1958 4877 1988 4940; x_wconf 91' lang='lat' dir='ltr'>ei</span> 
     </span>
     <span class='ocr_line' id='line_1_44' title="bbox 333 4977 1988 5069; baseline 0.001 -28"><span class='ocrx_word' id='word_1_491' title='bbox 333 4980 480 5063; x_wconf 88' lang='lat' dir='ltr'>epochae</span> <span class='ocrx_word' id='word_1_492' title='bbox 506 4984 646 5047; x_wconf 89' lang='lat' dir='ltr'>narratio</span> <span class='ocrx_word' id='word_1_493' title='bbox 676 5004 881 5069; x_wconf 90' lang='lat' dir='ltr'>nequaquam</span> <span class='ocrx_word' id='word_1_494' title='bbox 911 4981 1070 5046; x_wconf 86' lang='lat' dir='ltr'>convenit.</span> <span class='ocrx_word' id='word_1_495' title='bbox 1123 4979 1344 5043; x_wconf 82' lang='lat' dir='ltr'>Theodericus</span> <span class='ocrx_word' id='word_1_496' title='bbox 1375 4978 1408 5042; x_wconf 92' lang='lat' dir='ltr'>in</span> <span class='ocrx_word' id='word_1_497' title='bbox 1436 4977 1578 5042; x_wconf 90' lang='lat' dir='ltr'>editione</span> <span class='ocrx_word' id='word_1_498' title='bbox 1610 4980 1717 5064; x_wconf 89' lang='lat' dir='ltr'>priore</span> <span class='ocrx_word' id='word_1_499' title='bbox 1750 4978 1810 5043; x_wconf 91' lang='lat' dir='ltr'>snb</span> <span class='ocrx_word' id='word_1_500' title='bbox 1845 4980 1988 5065; x_wconf 88' lang='lat' dir='ltr'>epitheto</span> 
     </span>
     <span class='ocr_line' id='line_1_45' title="bbox 333 5082 1988 5172; baseline 0 -26"><span class='ocrx_word' id='word_1_501' title='bbox 333 5083 487 5148; x_wconf 89' lang='lat' dir='ltr'>haeretici</span> <span class='ocrx_word' id='word_1_502' title='bbox 518 5085 676 5151; x_wconf 89' lang='lat' dir='ltr'>introduci</span> <span class='ocrx_word' id='word_1_503' title='bbox 710 5088 802 5151; x_wconf 88' lang='lat' dir='ltr'>solet.</span> <span class='ocrx_word' id='word_1_504' title='bbox 856 5087 885 5151; x_wconf 83' lang='lat' dir='ltr'>A</span> <span class='ocrx_word' id='word_1_505' title='bbox 916 5084 1110 5172; x_wconf 80' lang='lat' dir='ltr'>Symmacho</span> <span class='ocrx_word' id='word_1_506' title='bbox 1145 5083 1293 5148; x_wconf 90' lang='lat' dir='ltr'>dicuntur</span> <span class='ocrx_word' id='word_1_507' title='bbox 1323 5082 1467 5147; x_wconf 90' lang='lat' dir='ltr'>damnati</span> <span class='ocrx_word' id='word_1_508' title='bbox 1502 5103 1573 5146; x_wconf 91' lang='lat' dir='ltr'>esse</span> <span class='ocrx_word' id='word_1_509' title='bbox 1602 5082 1718 5146; x_wconf 91' lang='lat' dir='ltr'>Petrus</span> <span class='ocrx_word' id='word_1_510' title='bbox 1746 5083 1875 5147; x_wconf 86' lang='lat' dir='ltr'>invasor</span> <span class='ocrx_word' id='word_1_511' title='bbox 1902 5082 1988 5147; x_wconf 87' lang='lat' dir='ltr'>sedis</span> 
     </span>
     <span class='ocr_line' id='line_1_46' title="bbox 333 5186 1988 5275; baseline 0 -25"><span class='ocrx_word' id='word_1_512' title='bbox 333 5189 531 5272; x_wconf 91' lang='lat' dir='ltr'>apostolicae</span> <span class='ocrx_word' id='word_1_513' title='bbox 566 5196 599 5253; x_wconf 89' lang='lat' dir='ltr'>et</span> <span class='ocrx_word' id='word_1_514' title='bbox 628 5190 822 5256; x_wconf 89' lang='lat' dir='ltr'>Laurentius</span> <span class='ocrx_word' id='word_1_515' title='bbox 848 5189 1029 5256; x_wconf 84' lang='lat' dir='ltr'>Nucerinus</span> <span class='ocrx_word' id='word_1_516' title='bbox 1064 5189 1109 5275; x_wconf 86' lang='lat' dir='ltr'>(p.</span> <span class='ocrx_word' id='word_1_517' title='bbox 1138 5191 1207 5270; x_wconf 82' lang='lat'>121,</span> <span class='ocrx_word' id='word_1_518' title='bbox 1224 5187 1279 5270; x_wconf 69' lang='lat' dir='ltr'>rai:</span> <span class='ocrx_word' id='word_1_519' title='bbox 1313 5188 1404 5251; x_wconf 92' lang='lat' dir='ltr'>illum</span> <span class='ocrx_word' id='word_1_520' title='bbox 1434 5192 1547 5250; x_wconf 89' lang='lat' dir='ltr'>notum</span> <span class='ocrx_word' id='word_1_521' title='bbox 1579 5193 1629 5250; x_wconf 90' lang='lat' dir='ltr'>est</span> <span class='ocrx_word' id='word_1_522' title='bbox 1662 5186 1760 5251; x_wconf 87' lang='lat' dir='ltr'>irrisae</span> <span class='ocrx_word' id='word_1_523' title='bbox 1788 5187 1988 5251; x_wconf 85' lang='lat' dir='ltr'>visitatorem</span> 
     </span>
     <span class='ocr_line' id='line_1_47' title="bbox 334 5290 1987 5380; baseline 0 -25"><span class='ocrx_word' id='word_1_524' title='bbox 334 5291 419 5355; x_wconf 87' lang='lat' dir='ltr'>sedis</span> <span class='ocrx_word' id='word_1_525' title='bbox 434 5292 613 5372; x_wconf 86' lang='lat' dir='ltr'>Romanae,</span> <span class='ocrx_word' id='word_1_526' title='bbox 637 5295 721 5359; x_wconf 90' lang='lat' dir='ltr'>hunc</span> <span class='ocrx_word' id='word_1_527' title='bbox 737 5295 923 5380; x_wconf 86' lang='lat' dir='ltr'>Symmachi</span> <span class='ocrx_word' id='word_1_528' title='bbox 946 5293 1166 5358; x_wconf 91' lang='lat' dir='ltr'>adversarium</span> <span class='ocrx_word' id='word_1_529' title='bbox 1190 5298 1223 5356; x_wconf 89' lang='lat' dir='ltr'>ct</span> <span class='ocrx_word' id='word_1_530' title='bbox 1242 5291 1345 5357; x_wconf 89' lang='lat' dir='ltr'>coacti</span> <span class='ocrx_word' id='word_1_531' title='bbox 1368 5298 1442 5355; x_wconf 90' lang='lat' dir='ltr'>sunt</span> <span class='ocrx_word' id='word_1_532' title='bbox 1457 5291 1565 5356; x_wconf 87' lang='lat' dir='ltr'>clerici</span> <span class='ocrx_word' id='word_1_533' title='bbox 1581 5290 1695 5355; x_wconf 87' lang='lat' dir='ltr'>urbani</span> <span class='ocrx_word' id='word_1_534' title='bbox 1712 5290 1987 5355; x_wconf 86' lang='lat' dir='ltr'>anathematizare</span> 
     </span>
     <span class='ocr_line' id='line_1_48' title="bbox 334 5393 1986 5481; baseline -0.002 -21"><span class='ocrx_word' id='word_1_535' title='bbox 334 5396 478 5461; x_wconf 88' lang='lat' dir='ltr'>‘Petrum</span> <span class='ocrx_word' id='word_1_536' title='bbox 514 5397 693 5462; x_wconf 82' lang='lat' dir='ltr'>Altinatem</span> <span class='ocrx_word' id='word_1_537' title='bbox 726 5405 759 5462; x_wconf 89' lang='lat' dir='ltr'>et</span> <span class='ocrx_word' id='word_1_538' title='bbox 789 5398 998 5463; x_wconf 90' lang='lat' dir='ltr'>Laurentium</span> <span class='ocrx_word' id='word_1_539' title='bbox 1032 5397 1200 5463; x_wconf 90' lang='lat' dir='ltr'>Romanae</span> <span class='ocrx_word' id='word_1_540' title='bbox 1236 5398 1394 5461; x_wconf 89' lang='lat' dir='ltr'>ecclesiae</span> <span class='ocrx_word' id='word_1_541' title='bbox 1429 5393 1646 5481; x_wconf 87' lang='lat' dir='ltr'>pervasorem&#39;</span> <span class='ocrx_word' id='word_1_542' title='bbox 1679 5394 1789 5478; x_wconf 82' lang='lat' dir='ltr'>(Thiel</span> <span class='ocrx_word' id='word_1_543' title='bbox 1820 5415 1871 5479; x_wconf 90' lang='lat' dir='ltr'>ep.</span> <span class='ocrx_word' id='word_1_544' title='bbox 1898 5401 1986 5479; x_wconf 91' lang='lat' dir='ltr'>pont.</span> 
     </span>
     <span class='ocr_line' id='line_1_49' title="bbox 339 5498 1988 5587; baseline 0.001 -26"><span class='ocrx_word' id='word_1_545' title='bbox 339 5504 457 5577; x_wconf 79' lang='grc'>1,697;</span> <span class='ocrx_word' id='word_1_546' title='bbox 480 5500 580 5564; x_wconf 84' lang='lat' dir='ltr'>index</span> <span class='ocrx_word' id='word_1_547' title='bbox 602 5500 645 5564; x_wconf 90' lang='lat' dir='ltr'>ad</span> <span class='ocrx_word' id='word_1_548' title='bbox 668 5499 852 5565; x_wconf 81' lang='lat' dir='ltr'>Cassiodori</span> <span class='ocrx_word' id='word_1_549' title='bbox 873 5502 979 5566; x_wconf 89' lang='lat' dir='ltr'>varias</span> <span class='ocrx_word' id='word_1_550' title='bbox 1001 5523 1031 5587; x_wconf 95' lang='lat' dir='ltr'>p.</span> <span class='ocrx_word' id='word_1_551' title='bbox 1050 5499 1141 5584; x_wconf 82' lang='grc'>495);</span> <span class='ocrx_word' id='word_1_552' title='bbox 1170 5501 1318 5586; x_wconf 90' lang='lat' dir='ltr'>potuitne</span> <span class='ocrx_word' id='word_1_553' title='bbox 1345 5502 1489 5587; x_wconf 85' lang='lat' dir='ltr'>aequalis</span> <span class='ocrx_word' id='word_1_554' title='bbox 1512 5500 1601 5564; x_wconf 89' lang='lat' dir='ltr'>Petri</span> <span class='ocrx_word' id='word_1_555' title='bbox 1632 5505 1665 5562; x_wconf 89' lang='lat' dir='ltr'>et</span> <span class='ocrx_word' id='word_1_556' title='bbox 1688 5498 1854 5562; x_wconf 88' lang='lat' dir='ltr'>Laurentii</span> <span class='ocrx_word' id='word_1_557' title='bbox 1878 5505 1988 5583; x_wconf 88' lang='lat' dir='ltr'>partes</span> 
     </span>
     <span class='ocr_line' id='line_1_50' title="bbox 334 5602 1988 5692; baseline 0 -26"><span class='ocrx_word' id='word_1_558' title='bbox 334 5602 379 5666; x_wconf 90' lang='lat' dir='ltr'>ita</span> <span class='ocrx_word' id='word_1_559' title='bbox 401 5602 599 5669; x_wconf 80' lang='lat' dir='ltr'>confundere</span> <span class='ocrx_word' id='word_1_560' title='bbox 623 5611 656 5668; x_wconf 89' lang='lat' dir='ltr'>et</span> <span class='ocrx_word' id='word_1_561' title='bbox 677 5606 860 5670; x_wconf 82' lang='lat' dir='ltr'>invertere?</span> <span class='ocrx_word' id='word_1_562' title='bbox 887 5607 1035 5692; x_wconf 87' lang='lat' dir='ltr'>potuitne</span> <span class='ocrx_word' id='word_1_563' title='bbox 1062 5626 1169 5670; x_wconf 89' lang='lat' dir='ltr'>rerum</span> <span class='ocrx_word' id='word_1_564' title='bbox 1194 5605 1339 5669; x_wconf 87' lang='lat' dir='ltr'>ordinem</span> <span class='ocrx_word' id='word_1_565' title='bbox 1367 5607 1413 5669; x_wconf 90' lang='lat' dir='ltr'>ita</span> <span class='ocrx_word' id='word_1_566' title='bbox 1434 5603 1642 5691; x_wconf 89' lang='lat' dir='ltr'>perturbare,</span> <span class='ocrx_word' id='word_1_567' title='bbox 1673 5609 1709 5666; x_wconf 91' lang='lat' dir='ltr'>nt</span> <span class='ocrx_word' id='word_1_568' title='bbox 1729 5608 1804 5686; x_wconf 90' lang='lat' dir='ltr'>post</span> <span class='ocrx_word' id='word_1_569' title='bbox 1825 5610 1988 5667; x_wconf 91' lang='lat' dir='ltr'>narratam</span> 
     </span>
     <span class='ocr_line' id='line_1_51' title="bbox 336 5703 1988 5796; baseline 0.002 -27"><span class='ocrx_word' id='word_1_570' title='bbox 336 5703 521 5791; x_wconf 76' lang='lat' dir='ltr'>Symmachi</span> <span class='ocrx_word' id='word_1_571' title='bbox 545 5711 628 5772; x_wconf 89' lang='lat' dir='ltr'>‘curn</span> <span class='ocrx_word' id='word_1_572' title='bbox 644 5707 758 5794; x_wconf 89' lang='lat' dir='ltr'>gloria’</span> <span class='ocrx_word' id='word_1_573' title='bbox 774 5710 972 5795; x_wconf 89' lang='lat' dir='ltr'>agnitionem</span> <span class='ocrx_word' id='word_1_574' title='bbox 995 5715 1171 5796; x_wconf 88' lang='lat' dir='ltr'>sequantur</span> <span class='ocrx_word' id='word_1_575' title='bbox 1193 5709 1308 5774; x_wconf 92' lang='lat' dir='ltr'>turbae</span> <span class='ocrx_word' id='word_1_576' title='bbox 1325 5710 1509 5774; x_wconf 88' lang='lat' dir='ltr'>notissimae</span> <span class='ocrx_word' id='word_1_577' title='bbox 1533 5709 1709 5794; x_wconf 90' lang='lat' dir='ltr'>primorum</span> <span class='ocrx_word' id='word_1_578' title='bbox 1726 5707 1795 5770; x_wconf 90' lang='lat' dir='ltr'>eius</span> <span class='ocrx_word' id='word_1_579' title='bbox 1810 5716 1988 5772; x_wconf 77' lang='lat' dir='ltr'>annorum?</span> 
     </span>
     <span class='ocr_line' id='line_1_52' title="bbox 434 5842 1784 5884; baseline 0.006 -3"><span class='ocrx_word' id='word_1_580' title='bbox 434 5842 511 5881; x_wconf 59' lang='grc' dir='ltr'>ΗΒΕ</span> <span class='ocrx_word' id='word_1_581' title='bbox 526 5842 699 5882; x_wconf 67' lang='lat' dir='ltr'>remulcens</span> <span class='ocrx_word' id='word_1_582' title='bbox 715 5844 732 5884; x_wconf 71' lang='grc' dir='ltr'>Ι.</span> <span class='ocrx_word' id='word_1_583' title='bbox 1768 5844 1784 5880; x_wconf 81' lang='lat'>⁰</span> 
     </span>
    </p>
   </div>
   <div class='ocr_carea' id='block_1_5' title="bbox 0 0 2336 6576">
    <p class='ocr_par' dir='ltr' id='par_1_8' title="bbox 0 0 2336 6576">
     <span class='ocr_line' id='line_1_53' title="bbox 0 0 2336 6576; baseline 0 0"><span class='ocrx_word' id='word_1_584' title='bbox 0 0 2336 6576; x_wconf 95' lang='lat' dir='ltr'> </span> 
     </span>
    </p>
   </div>
  </div>
 </body>
</html>
