4658 6576
967 426 1186 483 ΕΡΙΤΟΜΔΕ
1839 439 1902 503 237

537 598 763 655 remorsas
1387 602 1621 660 GONONIANA

307 725 393 771 xvur.
417 705 581 787 Vnssvvs,
619 706 750 770 natione
788 704 969 788 Romanus,
1008 726 1050 770 ex
1160 724 1247 771 xvru.
1270 705 1437 793 Vnsxuvs,
1474 711 1604 775 natione
1642 710 1822 791 Romanus,
1861 733 1903 776 ex

249 816 341 894 patre
376 809 550 890 Pontiano,
584 808 669 873 sedit
702 830 775 873 aun.
799 809 866 873 IIII
900 832 1000 876 mens.
1018 809 1050 874 X
1103 816 1195 893 patre
1230 808 1409 893 Pontiano,
1443 812 1528 878 sedit
1561 834 1613 879 an.
1630 813 1729 878 VIIII
1761 815 1903 880 mensl

250 912 320 976 dics
335 913 412 977 XII.
457 913 521 977 Ilio
545 913 722 978 ministeria
745 919 871 978 sacrata
893 921 1050 999 argentea
1103 911 1172 976 dies
1194 912 1237 977 II.
1282 912 1347 979 Hic
1373 916 1550 982 ministeria
1581 924 1707 982 sacratu
1730 925 1902 1003 argenteas

249 1017 414 1080 constituit
436 1024 469 1081 et
485 1024 620 1102 patenas
636 1024 809 1101 argenteas
824 1016 921 1080 XXV
932 1019 1049 1102 posuit.
1103 1018 1266 1080 constituit
1282 1024 1315 1081 et
1330 1025 1467 1103 patenas
1482 1027 1656 1105 argenteas
1673 1020 1770 1085 XXV
1786 1024 1902 1107 posuit.

249 1117 320 1192 Que
358 1120 456 1183 etiam
484 1120 618 1184 elericos
651 1120 817 1185 confessor
850 1121 1050 1206 temporibus
1103 1119 1165 1193 Qui
1189 1122 1287 1185 etiam
1312 1121 1397 1187 clare
1421 1123 1585 1187 confossor
1605 1125 1807 1210 temporibus
1822 1126 1902 1191 Dio-

248 1221 445 1287 Dioclitiani.
491 1223 554 1289 Hic
1103 1224 1237 1291 cliciani.
1282 1223 1346 1290 Hic

249 1364 308 1407 sua
330 1342 502 1409 traditione

248 1466 367 1529 multos
391 1466 549 1531 convertit
571 1465 614 1529 ad
636 1467 841 1552 baptismum,
865 1466 963 1529 otiam
981 1463 1047 1528 Va·
1103 1468 1221 1531 multos
1244 1468 1401 1532 convertit
1423 1467 1465 1531 ad
1488 1467 1694 1553 baptismum,
1718 1471 1816 1535 etiarn
1834 1470 1900 1533 Va-

247 1568 404 1633 lerianum
428 1590 580 1655 sponsum
605 1579 737 1634 sanetae
762 1570 935 1648 Caeciliae,
1102 1571 1223 1635 loriano
1246 1591 1365 1655 sponso
1389 1580 1518 1635 sanctae
1535 1571 1687 1637 Oeciliae.

250 1690 398 1754 etmulti
421 1692 608 1776 martyrium
632 1692 776 1755 coronati
799 1698 871 1754 sunt
899 1710 958 1774 por
980 1690 1049 1753 eius

247 1792 435 1857 doctrinam.

238 1912 310 1978 ¹Ilia
334 1914 412 1978 iecit
435 1912 654 1978 ordinationes
671 1914 699 1978 V
1101 1915 1165 1980 Hic
1188 1915 1264 1981 iecit
1287 1916 1507 1982 ordinationes
1522 1917 1563 2000 V,

247 2056 306 2121 per
328 2056 430 2100 mons.
454 2034 624 2113 Decemb,

247 2155 354 2242 presb.
369 2154 512 2238 XVIIII,
529 2156 608 2220 diac.
621 2154 699 2237 VII,
716 2156 886 2240 episcopos
902 2175 961 2241 per
976 2157 1048 2220 loca
1101 2156 1207 2241 presb.
1220 2155 1364 2239 XVIIII,
1381 2157 1464 2222 diac.
1478 2158 1553 2237 VII,
1567 2159 1737 2246 episcopos
1745 2160 1837 2241 VIII,
1850 2181 1902 2225 sc-

246 2258 339 2325 VIII.
386 2260 450 2334 Qui
472 2260 619 2345 sepultus
643 2267 692 2323 est
720 2259 877 2323 cimiterio
906 2258 1047 2323 Pretex-
1101 2260 1273 2345 pultusque
1297 2270 1347 2324 est
1369 2262 1400 2325 in
1425 2263 1582 2326 cimiterio
1606 2263 1787 2328 Pretextati

245 2364 305 2428 tati

246 2412 432 2570 via'Appia,
457 2504 553 2568 quem
578 2484 727 2567 sepelivit
751 2484 865 2548 beatus
882 2482 1047 2548 Tiburtius

245 2604 348 2670 XIIII
381 2605 425 2668 kl.
463 2604 532 2668 lun.
591 2603 634 2668 Et
668 2606 806 2668 cessavit
842 2606 1047 2692 episcopatus
1100 2602 1202 2769 {1111
1228 2603 1271 2669 kl.
1295 2605 1365 2668 Iun.
1418 2604 1567 2670 (lassavit
1598 2607 1803 2692 episcopatus
1833 2607 1903 2671 dies

246 2708 315 2772 dies
338 2708 444 2773 XXX.
1134 2706 1208 2772 XX.

289 2849 341 2893 xx.
365 2829 668 2909 (pastrinianum)
697 2828 886 2910 Pourrxuvs,
916 2830 1046 2893 natione
1143 2848 1240 2893 xvuu.
1264 2828 1451 2911 Povrrxva,
1472 2831 1602 2894 natione
1619 2829 1792 2908 Romanus,
1808 2836 1902 2915 patre

247 2932 426 3013 Romanus,
456 2953 498 2996 ex
528 2941 619 3018 patro
643 2932 832 3018 Calpurnio,
862 2933 946 2998 sedit
973 2954 1046 2998 ann.
1101 2929 1290 3017 Calpurnio,
1314 2932 1381 2997 sed.
1405 2954 1456 2997 an.
1473 2932 1503 2998 V
1527 2955 1626 2998 meus.
1643 2932 1673 2996 ll
1699 2933 1769 2996 dies
1789 2932 1899 2998 XXll.

247 3034 347 3099 VIIII
362 3055 461 3099 mons.
479 3035 508 3096 V
525 3036 594 3099 dies
609 3036 651 3099 ΙΙ.
696 3035 851 3122 Martyria
875 3043 1046 3101 coronatur
1098 3032 1253 3120 Martyria
1276 3041 1456 3101 coronatur.

1100 3155 1161 3219 llic
1185 3157 1242 3220 fuit

245 3259 445 3345 t⁰¹¹¹P⁰llb¹¹s
472 3256 668 3341 Alffifflssdl'lr
700 3282 720 3325 a
750 3262 915 3326 ⁰⁰ss⁸¹1lssi0
947 3261 1043 3325 P0m·
1100 3279 1297 3363 temporibus
1325 3277 1521 3359 Alexandri,
1555 3300 1573 3342 a
1606 3279 1772 3343 consulatu
1801 3277 1897 3341 Pom-

243 3364 349 3448 Peiani
375 3370 408 3427 ei
431 3362 597 3427 P⁰¹i¹¹if²¹¹l
644 3363 768 3429 E⁰d⁰¹¹¹
794 3373 941 3451 temPore
958 3364 1044 3429 P‘lss·
1098 3382 1204 3465 poiani
1229 3389 1262 3445 ct
1285 3383 1417 3448 Poliani.
1468 3380 1518 3445 Eo
1546 3389 1692 3468 tempore
1720 3380 1898 3445 Pontianus

244 3467 348 3528 tianus
385 3465 556 3551 episcopus
595 3473 628 3531 et
665 3467 852 3554 Ilippolitus
887 3468 1047 3555 presbiter
1100 3485 1270 3571 episeopus
1293 3493 1326 3549 et
1342 3484 1514 3571 Yppolitus
1531 3486 1690 3572 presbiter
1705 3485 1802 3549 exilio
1825 3493 1898 3549 sunt

245 3569 343 3632 exilio
367 3577 440 3633 tunt
463 3569 608 3656 deputati
636 3572 677 3636 ab
701 3573 890 3638 Alexandro
915 3574 947 3637 5¹¹
971 3576 1045 3637 Sat·
1100 3588 1244 3674 deputati
1275 3590 1316 3654 ab
1346 3587 1534 3653 Alexandro
1562 3591 1593 3653 in
1621 3588 1768 3653 Sardinia
1795 3590 1896 3653 insula

244 3671 331 3735 <linia
361 3673 464 3736 insula
494 3672 631 3757 Bucina,
659 3676 781 3740 Severo
810 3685 843 3741 Ol
870 3677 1045 3752 Quintilem
1099 3691 1237 3772 Bucina,
1273 3694 1394 3756 Severo
1429 3700 1462 3757 ot
1492 3692 1666 3767 Quintiano
1703 3692 1897 3759 consulibus.

244 3776 436 3843 consulibus.
482 3776 519 3840 ln
542 3777 658 3842 eadem
682 3780 785 3845 insula
1098 3796 1213 3882 Ibique

243 3896 398 3975 adflictus,

242 4024 424 4081 maceratus
457 4018 594 4083 fustibus
628 4019 798 4085 defunctus
835 4030 883 4085 est
920 4020 968 4084 llI
1001 4020 1043 4084 lrl.
1098 4028 1279 4085 maceratus
1314 4021 1450 4085 fustibus
1485 4020 1654 4085 defunctus
1689 4029 1739 4085 est
1770 4022 1817 4085 Vl
1853 4022 1896 4085 lrl.

243 4120 403 4185 Novernb.
447 4120 511 4186 Ilia
535 4124 610 4188 lecit
633 4125 850 4189 ordinationes
872 4124 914 4203 ll,
937 4125 1043 4210 presb.
1098 4124 1256 4188 Novenrb.
1304 4124 1364 4188 llic
1388 4125 1464 4189 iecit
1487 4124 1704 4188 ordinationes
1724 4124 1766 4203 ll,
1791 4126 1896 4211 presb.

244 4226 304 4307 VI,
329 4224 409 4289 diac.
427 4225 466 4305 V,
483 4228 653 4313 episcopos
669 4250 728 4315 per
742 4229 810 4292 loca
826 4227 898 4291 VII.
939 4228 1042 4301 (luem
1098 4228 1155 4309 Vl,
1180 4227 1260 4292 diac.
1278 4228 1318 4309 V,
1343 4229 1513 4314 episcopos
1536 4228 1608 4292 Vll.
1654 4232 1757 4301 Quem
1783 4230 1897 4293 beatus

243 4328 358 4393 beatus
381 4329 544 4394 Pabianus
566 4331 701 4396 adduxit
1096 4332 1259 4397 Fabianus
1282 4330 1417 4395 adduxit

242 4451 381 4535 navigio,

242 4572 392 4658 sepelirit
413 4572 445 4636 in
468 4571 625 4636 cimiterio
1098 4583 1131 4640 ot
1153 4575 1301 4662 sepelivit
1323 4574 1354 4637 in
1378 4575 1535 4639 cimiterio

243 4692 374 4773 Calesti,
397 4695 450 4757 via
473 4693 590 4779 Appia.
1097 4696 1316 4762 Catalumbas.

242 4814 389 4878 Cessavit
404 4815 609 4899 episcopatus
632 4837 651 4878 a
674 4815 727 4878 die
750 4813 959 4901 depositionis
974 4815 1043 4879 eius
1097 4818 1244 4882 Cessavit
1267 4816 1473 4903 episcopatus
1496 4816 1566 4880 dies
1588 4815 1630 4880 X.

242 4919 283 4982 ab
307 4917 356 4982 XI
379 4917 423 4983 kl.
439 4917 595 4981 Decemb.

286 5058 384 5103 xvuu.
407 5039 495 5119 (crate
511 5038 895 5122 1’0nt5aoam)asns0s,
912 5039 1041 5102 natione
1140 5060 1191 5104 xx.
1215 5040 1379 5121 Axrnnvs,
1404 5040 1533 5104 natione
1556 5037 1696 5111 Grocus,
1719 5046 1812 5124 patre
1829 5038 1896 5103 au-

243 5140 383 5223 Grccus,
414 5162 455 5205 ox
488 5148 580 5227 patre
604 5141 760 5217 Ilomolo,
789 5142 872 5206 sedit
901 5164 952 5206 an.
976 5141 1042 5205 XII
1096 5143 1194 5223 mulo,
1217 5143 1300 5208 sedit
1323 5165 1374 5207 an.
1391 5142 1475 5207 XIII
1497 5163 1598 5206 mens.
1625 5142 1634 5205 l
1661 5141 1730 5206 dies
1753 5142 1896 5209 XVllll.

243 5267 343 5309 mens.
362 5246 376 5308 I
400 5244 469 5309 dies
484 5244 560 5308 XII.
597 5244 752 5330 Martyrio
769 5254 940 5310 coronatur
961 5254 1042 5310 tem·
1083 5245 1252 5331 'birrrtyrio
1276 5253 1447 5311 coronatur
1463 5245 1663 5331 temporibus
1679 5245 1845 5310 Maximini
1864 5254 1897 5311 et

243 5349 375 5435 poribus
401 5348 569 5413 Maximini
604 5358 637 5411 et
671 5349 814 5414 Africani
849 5349 1042 5414 consulibus.
1097 5350 1240 5414 Africani
1263 5351 1454 5414 censalibus.
1502 5350 1563 5414 llic
1586 5356 1697 5434 gestas
1721 5357 1895 5435 martyrum

242 5452 305 5516 Ilic
328 5458 421 5537 gesta
442 5460 617 5539 martyrum

241 5573 415 5659 diligenter
437 5594 457 5636 a
479 5574 610 5638 notariis

243 5695 414 5780 exquisivit
439 5701 471 5758 et
492 5695 524 5759 in
547 5694 686 5757 eeclesia
708 5693 864 5759 recondit.
906 5694 1046 5780 Propter
1098 5695 1271 5782 exquisivit
1294 5702 1328 5759 et
1351 5696 1382 5760 in
1406 5695 1543 5760 ecclesia
1558 5694 1714 5761 recondit.
1758 5696 1898 5782 Propter
