4658 6576
990 426 1273 485 recusabimus.

400 594 541 659 XXVII.
565 595 662 660 FeIIx
682 596 712 661 I:
736 598 769 661 in
792 598 960 684 cymiterio
982 621 1041 664 suo
1063 601 1117 666 ria
1140 601 1276 668 Aurelia
1296 604 1362 669 mil.
1378 604 1413 668 Π
1429 604 1505 687 FK,
1526 605 1674 671 stmditcr
1688 606 1727 674 P.

383 700 542 765 XXVIII.
564 700 800 789 Eutychianus:
824 704 857 767 in
881 705 1048 791 cymiterio
1072 705 1196 771 Callisti
1219 707 1272 772 via
1295 707 1414 795 Appia.

362 804 539 869 XXVIIII.
564 803 680 870 Gaius:
703 808 737 871 in
759 809 926 895 cymiterio
952 809 1077 875 Callisti
1098 813 1151 876 via
1172 813 1293 899 Appia.

433 907 542 973 XXX.
565 908 781 975 Marcellinus:
816 912 850 976 in
883 912 936 977 ria
965 911 1092 978 Salaria
1122 914 1156 978 in
1188 915 1356 1001 cymiterio
1385 916 1552 982 Priscillae
1582 919 1616 982 in
1645 918 1827 984 cubiculum
1850 926 1905 984 cet.
1929 922 1962 985 in

563 1019 677 1099 crypta
698 1013 791 1079 iuxta
813 1037 929 1103 corpus
952 1018 1054 1082 sancti
1077 1017 1325 1083 crescentionis.

414 1115 540 1181 XXXI.
564 1116 750 1181 Marcellus:
773 1119 806 1182 in
829 1120 997 1205 cymiterio
1020 1120 1188 1186 Priscillae
1210 1121 1264 1186 via
1287 1120 1421 1186 Salaria.

396 1219 538 1284 XXXII.
562 1219 735 1285 Eusebius:
761 1221 795 1285 in
817 1223 985 1308 cymiterio
1010 1221 1135 1288 Callisti
1157 1222 1206 1308 (in
1229 1229 1342 1310 crypta
1365 1223 1440 1287 aad.
1456 1223 1538 1310 ΙΙΙ)
1560 1225 1614 1290 via
1635 1223 1754 1312 Appia.

383 1324 541 1390 XXXIII.
566 1323 743 1390 Miltiades:
767 1326 799 1389 in
823 1327 990 1412 cymiterio
1015 1326 1140 1392 Callisti
1162 1327 1346 1414 via—Appia
1369 1329 1414 1410 (in
1437 1335 1551 1414 crypta
1575 1329 1650 1395 add.
1665 1330 1756 1412 ΙΙΙ).

361 1428 538 1493 XXXIIII.
563 1426 731 1493 Silvester:
754 1430 787 1493 in
811 1432 977 1517 cymiterio
1000 1431 1168 1497 Priscillae
1192 1432 1244 1496 ria
1267 1429 1393 1497 Salaria
1415 1433 1456 1497 ab
1479 1431 1560 1497 urbe
1583 1432 1690 1498 Roma
1712 1435 1776 1499 mil.
1793 1434 1853 1499 III.

398 1532 540 1598 XXXV.
563 1531 706 1596 Marcus:
726 1534 763 1599 in
785 1535 953 1619 cymiterio
976 1534 1135 1600 BalbInae
1158 1535 1211 1599 via
1233 1533 1423 1601 Ardeatina.

382 1635 538 1701 XXXVI.
562 1636 662 1700 Iulius
684 1636 714 1700 I:
738 1638 790 1702 via
811 1639 947 1703 Aurelia
968 1639 1001 1703 in
1024 1639 1190 1727 cymiterio
1214 1636 1386 1726 Calepodii
1406 1641 1472 1705 mil.
1488 1641 1550 1706 III.

365 1742 540 1807 XXXVII.
563 1740 727 1805 Liberius:
752 1743 804 1806 via
827 1741 952 1807 Salaria
974 1744 1006 1807 in
1030 1746 1198 1830 cymiterio
1224 1745 1401 1811 Priscillae.

347 1845 539 1912 XXXVIII.
563 1845 659 1910 Felix
681 1845 729 1909 II:
754 1846 787 1909 in
808 1845 943 1911 basilica
966 1848 1035 1911 eius
1059 1848 1112 1912 ria
1132 1848 1268 1913 Aurelia
1291 1848 1370 1932 (mil.
1388 1849 1423 1913 Π
1445 1848 1519 1914 add.
1533 1848 1582 1913 II.
1600 1847 1692 1933 III).

330 1950 539 2015 XXXVIIII.
564 1950 739 2014 Damasus:
763 1951 816 2014 via
832 1949 1012 2015 Ardeatina
1033 1952 1067 2016 in
1086 1952 1220 2018 basilica
1235 1974 1294 2018 sua
1315 1954 1407 2018 iuxta
1431 1958 1567 2018 matrem
1590 1974 1682 2017 suam
1706 1959 1739 2017 et
1761 1972 1961 2039 germanam.

471 2054 542 2118 XL.
568 2053 716 2119 Sinicius:
740 2055 773 2119 in
797 2055 963 2140 cymiterio
986 2056 1154 2122 Priscillae
1177 2058 1231 2122 via
1254 2057 1390 2123 Salaria.

451 2157 540 2223 XLI.
563 2157 754 2224 Anastasius
776 2159 807 2223 I:
831 2159 864 2223 in
887 2160 1054 2244 cymiterio
1078 2182 1135 2225 suo
1159 2159 1201 2225 ad
1223 2160 1344 2226 Ursum
1366 2161 1532 2247 pileatum.

432 2261 539 2327 XLII.
561 2262 769 2327 Innocentius
790 2263 822 2327 I:
845 2263 879 2328 in
901 2264 1067 2350 cymiterio
1090 2267 1164 2347 (orn.
1180 2264 1256 2330 FK.
1272 2266 1350 2349 III)
1379 2264 1422 2329 ad
1443 2264 1562 2329 Ursum
1584 2265 1752 2352 pileatum.

417 2366 540 2433 XLIII.
564 2367 725 2431 Zosimus:
749 2368 801 2432 via
823 2366 993 2432 Tiburtina
1015 2369 1106 2432 iuxta
1129 2389 1245 2456 corpus
1266 2369 1356 2434 beati
1378 2369 1546 2434 Laurentii
1567 2369 1726 2454 martyris.

400 2469 540 2537 XLIIII.
562 2470 743 2535 Bonifatius
765 2471 797 2535 I:
829 2472 862 2535 In
892 2472 1061 2557 cymiterio
1095 2479 1227 2538 sanctae
1256 2472 1434 2538 Felicitatis
1469 2473 1620 2559 martyris
1647 2473 1701 2537 via
1733 2470 1860 2537 Salaria
1883 2467 1957 2534 FK.

563 2574 636 2657 III,
658 2575 712 2639 via
734 2573 860 2639 Salaria
881 2576 972 2640 iuxta
995 2597 1110 2663 corpus
1133 2584 1266 2642 sanctae
1289 2576 1470 2642 Felicitatis
1492 2577 1642 2663 martyris
1657 2576 1686 2642 I.
1701 2575 1751 2641 II.

437 2679 538 2744 XLV.
564 2678 784 2744 Caelestinus:
808 2679 841 2743 in
863 2681 1029 2767 cymiterio
1052 2681 1219 2746 Priscillae
1241 2681 1294 2745 ria
1318 2680 1454 2746 Salaria.

421 2783 538 2849 XLVI.
562 2781 684 2869 Xystus
706 2782 774 2848 III:
795 2784 849 2849 via
864 2784 1034 2849 Tiburtina
1055 2785 1088 2850 in
1111 2792 1227 2873 crypta
1249 2784 1293 2850 ad
1308 2791 1455 2850 sanctum
1470 2784 1681 2850 Laurentium
1697 2781 1758 2867 (sic
1771 2780 1847 2859 ΕΚ,
1869 2780 1961 2844 iuxta

564 2908 680 2975 corpus
703 2887 793 2952 beati
814 2887 971 2953 Laurenti
986 2887 1044 2973 P).

402 2991 538 3057 XLVII.
560 2990 631 3057 Leo
653 2991 684 3056 I:
719 2992 752 3056 in
781 2991 917 3056 basilica
945 2992 1035 3057 beati
1062 2993 1153 3058 Petri
1171 2992 1254 3076 ΕΚ,
1290 2992 1379 3081 apud
1406 2993 1541 3058 beatum
1567 2992 1701 3057 Petrum
1733 2989 1915 3076 apostolum
1932 2985 1965 3050 P

561 3095 658 3178 (rel),
681 3094 769 3182 apud
791 3096 958 3161 basiIIoam
980 3096 1070 3162 beati
1093 3097 1183 3162 Petri
1208 3099 1349 3185 apostoli
1367 3096 1476 3164 0³E1.

384 3199 536 3266 XLVIII.
559 3199 706 3265 Hilarus:
723 3199 766 3265 ad
781 3207 926 3266 sanctum
942 3201 1154 3267 Laurentium
1169 3203 1202 3266 in
1221 3208 1335 3290 crypta
1350 3203 1443 3268 iuxta
1458 3222 1575 3288 corpus
1589 3200 1679 3266 beati
1695 3198 1840 3285 episcopi
1855 3195 1959 3283 Xysti.

367 3305 537 3370 XLVIIII.
562 3304 760 3392 Simplicius:
784 3304 827 3370 ad
849 3305 981 3370 beatum
997 3306 1131 3371 Petrum
1151 3305 1211 3391 (sic
1225 3306 1302 3385 ΕΚ,
1325 3307 1357 3371 in
1373 3307 1508 3373 basilica
1529 3306 1620 3371 beati
1635 3304 1726 3369 Petri
1748 3300 1887 3388 apostoli
1905 3298 1960 3382 P).

500 3408 538 3472 L.
560 3408 657 3475 Felix
671 3409 735 3474 III:
760 3408 847 3496 apud
863 3409 997 3474 beatum
1014 3410 1152 3475 Paulum
1169 3410 1229 3495 (sic
1243 3410 1320 3490 ΓΚ,
1336 3411 1368 3475 in
1384 3411 1519 3476 basilica
1534 3409 1623 3475 beati
1638 3408 1732 3473 Pauli
1747 3405 1887 3491 apostoli
1902 3402 1959 3486 P).

485 3512 539 3579 LI.
566 3511 729 3579 Celusius:
753 3513 841 3600 apud
864 3514 997 3578 beatum
1020 3513 1154 3580 Petrum
1167 3514 1243 3597 ΕΚ,
1267 3515 1300 3579 in
1323 3514 1457 3581 basilica
1478 3513 1570 3579 beati
1592 3511 1684 3577 Petri
1706 3508 1846 3596 apostoli
1861 3507 1900 3572 P.

466 3617 538 3682 LII.
562 3616 753 3682 Anastasius
774 3618 821 3682 H:
853 3616 940 3705 apud
970 3618 1104 3683 beatum
1128 3618 1261 3683 Petrum
1283 3620 1318 3683 in
1331 3618 1527 3684 Vaticanum
1541 3615 1627 3699 FK,
1654 3616 1688 3680 in
1715 3613 1851 3679 basilica
1869 3612 1959 3676 beati

561 3721 652 3787 Petri
673 3722 813 3808 apostoli
827 3720 866 3788 P.

448 3826 538 3892 LIII.
563 3825 790 3913 Symmachus:
815 3826 902 3913 apud
924 3827 1057 3892 beatum
1081 3827 1214 3892 Petrum
1230 3826 1306 3910 ΓΚ,
1329 3827 1363 3891 in
1383 3826 1518 3892 basilica
1540 3824 1630 3891 beati
1650 3823 1741 3888 Petri
1763 3819 1903 3907 apostoli
1919 3817 1960 3882 P.

435 3929 541 3995 LIIII.
564 3929 771 3995 Hormisdas:
802 3930 890 4017 apud
913 3932 1045 3996 beatum
1069 3932 1202 3996 Petrum
1216 3930 1298 4013 PK,
1329 3931 1362 3995 iu
1383 3930 1518 3996 basilica
1539 3929 1630 3994 beati
1652 3927 1748 3993 Petri
1765 3923 1903 4012 apostoli
1918 3921 1958 3990 P.

470 4034 541 4099 LV.
563 4034 726 4100 Iohannes
740 4033 773 4099 I:
798 4055 914 4120 corpus
931 4036 1120 4100 translatum
1144 4034 1185 4100 dc
1201 4033 1361 4100 Ravenna
1384 4041 1419 4100 ct
1433 4035 1580 4120 sepultus
1596 4037 1646 4098 est
1667 4032 1700 4096 in
1714 4029 1848 4096 basilica
1869 4025 1959 4091 beati

563 4138 652 4205 Petri
675 4139 826 4226 apostoli.

449 4241 537 4307 LVI.
561 4242 657 4307 Felix
678 4241 760 4308 HII:
783 4243 817 4307 in
839 4241 974 4308 basilica
995 4242 1086 4308 beati
1109 4242 1198 4308 Petri
1221 4242 1371 4328 apostoli.

432 4345 538 4412 LVII.
562 4345 742 4411 Bonifatius
763 4346 811 4412 II:
834 4347 867 4411 in
888 4347 1024 4412 basilica
1045 4347 1135 4412 beati
1158 4346 1248 4412 Potri
1271 4347 1420 4434 apostoli.

418 4450 539 4516 LVIII
562 4450 724 4515 Iohannes
746 4450 851 4522 II:‚in
874 4450 1007 4516 basilica
1028 4451 1119 4516 beati
1141 4451 1233 4516 Petri
1255 4452 1404 4538 apostoli.

401 4554 538 4620 LVIIII.
560 4553 734 4640 Agapitus:
759 4555 949 4620 translatum
971 4555 1004 4619 in
1027 4554 1195 4619 basilicam
1219 4555 1309 4620 beati
1331 4554 1422 4621 Petri
1447 4554 1595 4641 apostoli.

466 4658 539 4725 LX
562 4657 730 4723 Silverius:
754 4658 900 4745 sepultus
922 4659 955 4723 in
978 4657 1096 4724 eodem
1119 4659 1190 4723 loco
1213 4658 1261 4744 (in
1284 4658 1432 4744 Pontiis).

451 4762 540 4830 LXI.
561 4762 716 4849 Vigilius:
740 4782 856 4850 corpus
880 4761 994 4828 ductus
1017 4768 1067 4827 cst
1089 4762 1244 4845 Romam,
1268 4764 1414 4849 sepultus
1444 4762 1485 4827 ad
1514 4768 1660 4827 sanctum
1689 4758 1879 4825 Marcellum
1906 4755 1960 4819 via

562 4865 690 4931 Salaria
713 4867 758 4951 (in
782 4867 949 4952 cymiterio
971 4865 1140 4932 Priscillae
1162 4866 1237 4931 aad.
1253 4864 1332 4953 ΕΙ).

432 4970 537 5036 LXII.
562 4971 715 5056 Pelagius
737 4970 768 5035 I:
792 4971 825 5035 in
846 4971 982 5036 basilica
1003 4970 1094 5036 beati
1116 4970 1206 5035 Petri
1228 4969 1379 5057 apostoli.

416 5074 539 5140 LXIII.
564 5074 726 5140 Iohannes
746 5074 812 5140 III:
837 5075 869 5140 in
893 5075 1028 5140 basibus
1050 5074 1139 5141 beati
1162 5074 1251 5140 Petri
1273 5074 1426 5160 apostoli.

399 5177 539 5244 LXIIII.
562 5177 759 5243 Benedictus
781 5178 830 5243 II:
852 5179 885 5243 in
907 5178 1042 5244 basilica
1064 5178 1154 5244 beati
1176 5177 1266 5243 Petri
1289 5178 1430 5265 apostoli
1451 5177 1485 5242 in
1507 5177 1729 5243 secretarium.

437 5281 539 5348 LXV.
562 5281 719 5367 Pelagius
740 5281 789 5347 11:
814 5281 856 5347 ad
878 5282 1011 5347 beatum
1034 5281 1168 5346 Petrum
1191 5281 1384 5369 apostolum.

419 5385 539 5453 LXVI
563 5385 739 5472 Gregorius
761 5386 790 5452 I:
820 5387 854 5451 in
876 5387 1011 5451 basilica
1032 5386 1121 5451 beati
1144 5385 1233 5450 Petri
1263 5386 1404 5473 apostoli
1433 5383 1489 5471 (ad
1511 5386 1644 5451 beatum
1667 5383 1802 5448 Petrum
1825 5384 1957 5467 aposto·

561 5490 629 5555 lum
644 5488 684 5574 Ι)
707 5495 783 5555 ante
807 5490 1025 5555 secretarium.

405 5593 542 5659 LXVII.
565 5593 773 5660 Sabinianus:
796 5595 829 5658 in
853 5594 993 5659 ecclesia
1013 5594 1104 5660 beati
1126 5592 1218 5659 Petri
1240 5594 1390 5679 apostoli.

385 5696 540 5762 LXVIII.
564 5696 747 5763 Bonifatius
769 5697 834 5763 III:
858 5698 891 5762 in
915 5699 1053 5764 ecclesia
1074 5698 1164 5764 beati
1186 5696 1277 5762 Petri
1299 5698 1449 5785 apostoli.

407 5833 482 5874 IMR
498 5832 672 5874 sonuimus
689 5834 706 5875 Ι.
