4658 6576
421 414 485 478 248

713 581 935 637 FELICIANA

419 684 565 768 Rustico,
588 686 674 751 sedit
695 708 769 753 aun.
785 687 850 753 XV
868 708 968 753 mons.
985 687 1011 753 Ι.
1048 687 1124 752 Fuit
1140 692 1221 750 tem-

419 788 552 873 poribus
566 787 769 856 Constantini
784 798 818 856 et
829 791 984 857 Feliciani
1000 797 1034 857 ct
1044 790 1221 856 Maximini.

417 1234 482 1300 Hic
504 1235 581 1300 lecit
604 1233 823 1300 ordinationes
847 1236 898 1300 III

418 1376 477 1441 per
499 1376 601 1421 meus.
625 1354 795 1439 Decemb,

417 1476 525 1562 presb.
541 1474 669 1558 XVIII,
687 1476 768 1542 dioc.
784 1477 864 1561 HII,
888 1481 1058 1567 opiscopus
1074 1502 1133 1567 per
1147 1482 1220 1546 loca

417 1578 527 1644 VIIII.
573 1577 726 1666 Sepultus
750 1587 800 1645 est

416 1701 450 1765 iu
472 1701 525 1765 ria
547 1700 692 1784 Aurelia,

417 1822 450 1886 iu
472 1821 629 1887 cimiterio
654 1821 813 1908 Colipodi,

416 1942 553 2007 miliario
576 1943 640 2027 III,
663 1943 746 2031 prid.
770 1934 812 2011 id.
836 1944 916 2031 Apr.

416 2063 567 2128 Cessasit
589 2065 797 2152 episcopatus
821 2065 890 2131 dies
912 2066 1019 2133 XXV.

385 2315 390 2324 ,
461 2254 769 2337 xxxvu.L1nsn1vs,
801 2257 931 2322 natione
962 2258 1146 2342 Romanus,
1177 2283 1220 2326 cx

416 2361 508 2441 patre
545 2356 714 2443 Augusto,
752 2359 837 2424 sedit
870 2382 943 2425 aun.
959 2362 1008 2426 VI
1044 2385 1145 2429 meus.
1167 2365 1219 2431 IlI

416 2458 485 2524 dies
508 2459 586 2524 IIII.
633 2461 710 2526 Fuit
731 2463 931 2549 temporibus
955 2463 1124 2533 Constanti

415 2618 517 2683 usque
540 2597 584 2662 ad
606 2597 796 2666 Constantio
819 2601 904 2688 Aug.
927 2602 988 2668 ΠΙ.

414 2734 478 2801 Hic
495 2737 593 2802 exilio
610 2736 800 2804 detrudetur
823 2761 843 2804 a
858 2740 1056 2822 Constantio,
1074 2765 1113 2808 oo
1131 2745 1218 2831 quod

414 2841 517 2905 noluit
549 2840 666 2907 herese
703 2841 841 2908 Arriano
874 2847 1064 2912 consentire.
1124 2849 1218 2915 Fecit

415 2965 515 3009 annos
537 2944 599 3012 ΙΠ.

415 3064 458 3129 Idt
485 3086 688 3152 congregans
712 3066 899 3133 sacerdotes
922 3091 958 3134 se
981 3091 1054 3135 cum
1084 3075 1216 3140 oonsilio

415 3190 527 3234 eorum
553 3169 703 3235 Liberius
729 3171 958 3239 ordinaverunt
987 3175 1020 3239 iu
1047 3176 1120 3241 loco
1148 3179 1216 3242 eius

413 3272 524 3338 Felice
555 3274 735 3360 presbitero
765 3276 968 3362 episcopum,
995 3282 1216 3347 venerabilem

413 3378 526 3444 virum.
570 3377 614 3443 Et
635 3378 713 3444 fecit
735 3381 904 3446 concilium
919 3381 1014 3447 Felix
1038 3388 1071 3448 et
1093 3386 1216 3451 invenit

415 3479 496 3546 duos
524 3480 721 3568 presbiteros
753 3485 992 3550 consentientes
1025 3485 1214 3556 Constantio

412 3582 561 3669 Augusto
585 3585 742 3668 Arriano,
771 3589 901 3653 nomiuo
925 3588 1060 3656 Ursocio
1090 3598 1124 3659 et
1146 3594 1213 3659 Va-

413 3689 512 3771 leute,
536 3694 569 3754 ct
593 3688 757 3755 damnavit
780 3711 836 3756 eos
859 3694 891 3757 in
914 3696 1048 3761 concilio
1069 3696 1215 3765 XLVIII

414 3793 649 3879 episcoporum.

414 3912 494 3977 Post
526 3933 648 3999 paucos
685 3914 754 3979 dies
788 3917 859 3981 zelo
892 3916 979 3984 ducti
1002 3920 1154 3989 Ursocius
1181 3932 1215 3991 ct

416 4016 539 4080 Valens
571 4024 768 4101 rogaverunt
795 4018 1020 4088 Constantium
1048 4026 1148 4113 Aug.,
1180 4035 1215 4093 ut

413 4125 581 4184 revocaret
602 4119 734 4185 Liberio
757 4122 799 4188 do
823 4123 935 4207 exilio,
965 4133 1001 4191 ut
1023 4150 1119 4194 unam
1142 4137 1213 4197 tan-

414 4227 482 4286 tum
520 4226 777 4290 communionem
815 4229 1039 4315 participaret,
1074 4241 1213 4322 excepto

414 4325 626 4412 rebaptizare.
672 4328 735 4402 Qui
757 4330 906 4397 Liberius
929 4338 1091 4401 consensit

416 4447 580 4532 preceptis
616 4447 757 4534 Augusti
794 4473 891 4517 uuam
933 4457 1214 4542 perticipationem

413 4550 601 4615 conveniret
624 4553 866 4621 communionis.

414 4670 504 4735 Tunc
525 4680 760 4739 revocaverunt
782 4674 949 4742 Liberium
974 4678 1016 4744 de
1040 4680 1148 4745 exilio.

412 5321 537 5386 Eodem
562 5330 709 5411 temporo
734 5328 941 5396 Constantius
968 5355 1032 5398 unu
1055 5357 1126 5400 cum
1149 5338 1211 5402 Ur-

412 5427 498 5491 sacio
522 5432 555 5491 et
566 5429 707 5495 Valente
731 5448 992 5502 convocaverunt
1007 5440 1143 5525 aliquos,
1160 5443 1213 5527 qui
1239 5454 1241 5473 ¹

412 5554 455 5597 ox
477 5534 548 5598 fece
571 5531 711 5598 Arriano
734 5542 836 5620 orant,

411 5678 445 5739 et
467 5673 553 5737 misit
575 5676 610 5735 ot

1144 408 1364 465 ΕΡΙΤΟΜΔΕ

1560 579 1793 635 CONONIANA

1276 685 1426 768 Rustico,
1461 686 1546 751 sedit
1568 708 1618 750 au.
1634 685 1699 750 XV
1721 704 1825 749 mens.
1843 682 1875 747 II
1905 682 1976 748 dies
1997 683 2075 748 VII.

1275 789 1351 854 Fuit
1373 795 1483 855 autom
1506 788 1706 876 temporibus
1729 786 1932 853 Constantini
1954 794 1989 854 et
2009 788 2075 854 Fe·

1274 893 1382 957 lioieni
1405 898 1438 957 ct
1461 892 1639 958 Maximini.

1272 1012 1337 1078 Hic
1359 1014 1534 1095 constituit,
1555 1019 1592 1078 ut
1613 1014 1718 1078 nullus
1739 1012 1874 1077 clericus
1889 1031 2018 1077 causam
2042 1013 2075 1077 in
2168 1070 2171 1075 .

1272 1117 1436 1203 publicum
1459 1122 1582 1203 ageret.

1273 1238 1337 1302 Hic
1360 1238 1438 1303 fecit
1460 1236 1678 1302 ordinationes
1701 1235 1765 1317 III,

1273 1478 1380 1564 presb.
1397 1478 1528 1559 XVIII,
1563 1471 1645 1543 diac.
1661 1477 1745 1560 IIII,
1778 1477 1948 1564 episcopos
1963 1475 2073 1541 VIIII.

1272 1580 1489 1669 Sepultusque
1512 1588 1563 1647 ost

1273 1823 1307 1887 iu
1330 1822 1486 1887 cimiterio
1511 1821 1669 1909 Colipodi.

1273 2063 1420 2128 Cessarit
1443 2063 1652 2150 episcopatus
1675 2063 1745 2129 dics
1767 2061 1875 2128 XXV.

1314 2273 1433 2319 xxxvu.
1456 2252 1619 2336 Lrsssrvs,
1653 2253 1784 2318 notione
1817 2251 2002 2331 Romanus,
2031 2271 2074 2313 cx

1270 2361 1364 2443 patre
1388 2356 1532 2441 Agusto,
1561 2356 1646 2422 sedit
1672 2378 1722 2422 ou.
1738 2356 1787 2420 VI
1808 2377 1912 2420 mens.
1927 2353 1980 2419 III
2003 2352 2073 2418 dIcs

1270 2459 1363 2527 VIII.
1417 2459 1493 2524 Fuit
1523 2467 1632 2526 autem
1660 2459 1860 2547 temporibus
1883 2457 2072 2524 Constantii.

1270 2734 1333 2800 Hic
1352 2735 1450 2801 exilio
1470 2734 1644 2822 deputatur
1667 2734 1900 2817 oCoustautio,
1923 2755 1963 2799 eo
1986 2731 2073 2820 quod

1273 2839 1429 2904 uoluisset
1448 2839 1574 2903 haeresi
1592 2838 1748 2904 Arrianae
1765 2839 1957 2921 consentire,
1980 2837 2072 2902 fecit-

1270 2963 1332 3028 que
1355 2943 1401 3007 ibi
1428 2963 1529 3008 annos
1553 2941 1613 3007 111.

1271 3063 1362 3128 'Iunc
1387 3085 1459 3128 cum
1483 3062 1615 3129 consilio
1638 3063 1843 3129 sacerdotum
1859 3061 2018 3129 ordinarit
2040 3062 2073 3125 in

1269 3167 1340 3231 loco
1369 3188 1427 3231 suo
1454 3167 1600 3233 Felicem
1627 3167 1844 3254 presbiterum
1874 3165 2072 3252 episcopum.

1269 3270 1360 3335 'Func
1377 3270 1579 3355 supradictus
1594 3271 1689 3336 Felix
1712 3272 1745 3336 in
1768 3270 1902 3336 concilio
1925 3290 1984 3334 suo
2006 3289 2071 3332 uua

1269 3395 1340 3439 cum
1363 3373 1509 3439 XLVIII
1536 3375 1695 3461 episcopis
1725 3374 1960 3440 damnaverunt
1990 3372 2071 3436 duos

1267 3478 1465 3563 presbiteros
1480 3477 1649 3543 Ursaoium
1666 3485 1700 3543 ot
1714 3478 1899 3561 Valentem,
1923 3498 1963 3543 oo
1983 3473 2070 3562 quod

1269 3582 1486 3646 consentirent
1509 3580 1698 3647 Constantio
1721 3582 1753 3648 in
1775 3581 1892 3647 heresi.

1267 3925 1347 3990 Post
1377 3946 1498 4012 paucos
1532 3926 1601 3992 dies
1633 3928 1703 3993 nelo
1739 3926 1827 3993 ducti
1854 3926 2006 3993 Ursaoius
2037 3932 2071 3993 et

1268 4028 1390 4093 Valens
1413 4036 1608 4114 rogaverunt
1632 4029 1820 4096 Constantio
1851 4030 2011 4115 Augusto,
2034 4036 2071 4095 ut

1267 4140 1437 4197 revocaret
1459 4132 1591 4198 Libcrio
1621 4133 1662 4198 do
1691 4135 1788 4200 exilio
1818 4141 1853 4200 ot
1880 4155 1976 4198 uuam
1998 4139 2069 4198 tau-

1268 4242 1336 4300 tum
1374 4238 1632 4303 communionem
1666 4239 1892 4325 participaret,
1929 4244 2069 4323 excepto

1267 4339 1481 4424 rebaptizare.
1528 4341 1591 4415 Qui
1614 4341 1763 4408 Liberius
1785 4342 1956 4409 consensit.

1267 4683 1311 4747 Et
1333 4691 1486 4750 revocato
1511 4706 1550 4749 co
1574 4684 1615 4750 de
1639 4687 1736 4751 exilio

1267 4804 1427 4870 habitavit
1454 4807 1486 4870 in
1509 4806 1667 4871 cimiterio
1695 4813 1827 4873 sanotae
1852 4808 1954 4895 Agnis
1982 4808 2070 4896 apud

1267 4929 1456 4992 germanam
1493 4908 1661 4974 Constanti
1694 4910 1796 4998 Aug.,
1829 4919 1864 4977 ut
1891 4913 1982 4999 quasi
2010 4934 2071 4999 per

1269 5012 1340 5075 eius
1363 5018 1479 5097 rogatu
1501 5012 1623 5078 rediret
1651 5014 1683 5077 in
1707 5015 1886 5092 civitutcm;
1917 5015 1976 5081 sod
1997 5017 2071 5103 ipso

1267 5135 1325 5200 pro
1357 5136 1398 5180 co
1429 5136 1545 5200 rogaro
1569 5117 1685 5198 noluit,
1717 5117 1792 5204 quie
1817 5118 1922 5184 fidelis
1945 5126 2016 5186 crat
2037 5121 2070 5187 iu

1268 5217 1406 5283 Christo.

1267 5338 1358 5404 'Iunc
1382 5339 1592 5404 Constantius
1616 5361 1688 5405 cum
1710 5339 1842 5407 Ursatio
1872 5349 1907 5408 et
1927 5342 2069 5411 Valente

1268 5448 1301 5507 ot
1324 5444 1414 5525 alios,
1438 5445 1492 5529 qui
1516 5465 1558 5508 ex
1580 5444 1652 5510 foco
1674 5442 1813 5508 Arriano
1836 5452 1938 5531 crant,
