4658 6576
489 1489 551 1544 ΕΡ.
572 1488 797 1543 FELIGIANA
1344 1487 1405 1541 ΕΡ.
1425 1486 1657 1542 GONGNIANA

334 1664 604 1730 BEATISSIMO
628 1663 745 1728 PAPn
770 1662 957 1729 DAMASO
1189 1662 1460 1728 BEATISSlMO
1483 1662 1600 1728 PAPn
1623 1660 1810 1728 DAMAGO

497 1767 794 1834 HIERONIMVS.
1353 1765 1646 1833 HIERONIMVS.

288 1890 432 1956 Gloriam
456 1890 635 1954 sanctitatis
658 1896 733 1954 tuae
757 1897 866 1955 nostra
882 1889 1045 1955 humilitas
1142 1890 1253 1956 Gloria
1281 1891 1460 1955 sanctitatis
1488 1898 1563 1954 tuae
1595 1895 1706 1952 nostra
1735 1886 1899 1951 humilitas

246 1994 453 2081 depreeatur,
482 2001 517 2058 nt
538 1994 714 2059 secundum
739 1996 936 2080 apostolieae
960 1993 1046 2059 sedis
1098 1994 1329 2081 depraecetur,
1352 1999 1387 2058 ut
1411 1992 1586 2058 secundum
1609 1990 1787 2077 apostolice
1810 1988 1897 2054 sedis

245 2119 342 2183 quam
386 2098 594 2183 cognorimus
637 2099 819 2184 gubernare
862 2120 922 2184 per
958 2105 1045 2163 tuam
1098 2119 1193 2183 quam
1233 2097 1442 2183 cognovimus
1482 2096 1665 2182 gubernare
1707 2114 1766 2180 per
1810 2101 1900 2158 tuam

198 2267 203 2277 ,
243 2203 448 2267 sanctitatem
471 2201 533 2266 hoc
564 2203 635 2266 urbi
658 2222 863 2288 praecamus,
892 2209 928 2265 ut
956 2207 1046 2266 actus
1098 2203 1316 2283 sanctitatem,
1350 2210 1386 2267 ut
1419 2201 1506 2266 curvi
1533 2219 1719 2285 precamur,
1742 2205 1778 2263 ut
1808 2204 1898 2261 actos

243 2312 408 2390 gestorum
426 2326 446 2368 a
462 2305 549 2369 beati
567 2305 657 2371 Petri
674 2306 811 2392 apostoli
829 2306 1044 2391 principatum
1098 2313 1264 2390 gestorum
1288 2306 1376 2370 beati
1399 2305 1490 2370 Petri
1519 2305 1657 2391 apostoli
1679 2301 1894 2389 principatum

243 2430 345 2494 usque
376 2408 418 2472 ad
441 2416 548 2473 vestra
572 2416 735 2496 tempora,
759 2431 822 2496 que
855 2418 949 2495 gesta
971 2416 1046 2473 sunt
1097 2430 1199 2495 usque
1233 2407 1275 2473 ad
1308 2415 1449 2474 vestram
1483 2415 1647 2495 tempora,
1683 2426 1767 2492 quae
1802 2409 1897 2490 gesta

243 2513 275 2575 in
303 2512 415 2577 sedem
443 2520 548 2594 tuam,
580 2513 673 2578 nobis
701 2535 760 2600 per
788 2512 933 2579 ordinem
957 2514 1046 2599 pacis
1097 2519 1171 2576 sunt
1193 2513 1225 2577 in
1248 2511 1327 2578 sedo
1350 2522 1416 2593 tua,
1439 2513 1532 2578 nobis
1552 2533 1612 2599 per
1634 2509 1779 2576 ordinem
1804 2528 1897 2572 enar-

246 2635 396 2680 enarrare
421 2615 580 2701 digneris:
605 2624 764 2703 quatenns
787 2626 897 2683 nostra
919 2617 1045 2682 humili·
1097 2637 1169 2682 rare
1214 2615 1368 2702 digneris:
1415 2625 1573 2704 qnatenus
1615 2624 1725 2679 nostra
1768 2611 1898 2676 humili-

243 2725 293 2782 tas
317 2721 434 2784 sentire
464 2728 658 2806 cognoscat,
682 2723 736 2808 qui
767 2723 883 2786 meruit
911 2720 952 2786 de
976 2722 1045 2807 epi·
1098 2729 1147 2786 tas
1170 2722 1290 2786 sentire
1313 2727 1504 2807 eognoscat,
1537 2721 1591 2806 qui
1617 2718 1735 2783 meruit
1762 2714 1803 2779 dc
1832 2715 1901 2800 epi·

243 2843 414 2909 scoporum
438 2844 535 2909 supra
559 2823 665 2890 dictae
690 2832 822 2891 sanctae
845 2824 931 2889 sedis
960 2846 1045 2889 mar·
1097 2847 1268 2913 scoporum
1293 2847 1390 2914 supra
1413 2824 1498 2890 dicte
1522 2821 1608 2888 sedis
1630 2821 1783 2907 martyrio
1807 2838 1900 2883 eoro-

247 2927 328 3011 tyrio
352 2927 496 2990 coronari
520 2928 573 2992 rel
597 2929 651 3014 qui
669 2935 780 2995 contra
802 2950 943 2993 canones
966 2948 1045 3015 apo·
1097 2951 1175 2995 nare
1214 2931 1265 2995 vel
1304 2931 1358 3016 qui
1402 2934 1514 2994 eontra
1558 2946 1698 2991 canones
1736 2923 1900 3010 apostolo·

243 3030 398 3094 stolorum
428 3031 605 3095 excessisse
633 3032 845 3117 cognoscitur.
899 3031 966 3098 Ora
988 3054 1046 3120 pro
1098 3056 1168 3099 rum
1192 3034 1371 3100 excessisse
1394 3036 1616 3117 cognoscatur.
1662 3028 1729 3093 Ora
1757 3047 1814 3113 pro
1843 3046 1900 3088 no-

243 3132 352 3215 nobis‚
382 3133 568 3199 beatissime
596 3154 690 3220 papa.
740 3135 827 3201 Dato
849 3136 880 3200 V
903 3136 947 3200 kl.
970 3135 1046 3202 Mai.
1098 3139 1158 3220 bis,
1181 3138 1367 3203 beatissime
1391 3155 1486 3222 pape.
1528 3133 1617 3198 Data
1639 3133 1682 3196 kl.
1706 3129 1819 3195 Maias.

244 3252 392 3339 Accepta
415 3253 550 3319 Romae.

264 3459 476 3526 nullasve
499 3462 742 3529 EPISGOPVS
765 3462 1024 3530 HIERONIMO
1119 3462 1331 3529 DAMASVS
1353 3458 1597 3527 nplsuopvs
1620 3456 1877 3523 IIIERGNIMG

499 3565 793 3633 PRusBITnno.
1355 3561 1645 3630 PRESBITERO.

288 3684 420 3749 Gaudet
442 3687 581 3752 ccclesia
604 3693 659 3751 tuo
684 3688 771 3752 tonte
794 3689 858 3753 iam
875 3689 998 3753 saciata
1013 3694 1046 3751 et
1143 3685 1274 3752 Gaudet
1296 3686 1415 3750 eclesia
1437 3693 1493 3750 tuo
1516 3684 1605 3748 lente
1634 3683 1699 3747 iam
1722 3682 1844 3747 saciata
1868 3688 1902 3745 et

245 3789 383 3874 amplius
406 3789 472 3853 sitit
495 3790 662 3854 curiositas
689 3798 870 3878 temporum
894 3790 1043 3857 sacerdo·
1099 3792 1236 3877 amplius
1245 3791 1321 3871 sitit,
1330 3799 1366 3855 ut
1378 3789 1545 3855 curiositas
1557 3794 1739 3871 temporum
1750 3784 1902 3852 sacerdo-

245 3891 329 3975 talis,
353 3891 440 3977 quod
463 3891 594 3978 dignum
625 3901 675 3958 est
704 3903 931 3981 cognoscatur,
960 3894 1046 3983 quod
1099 3895 1182 3976 talis,
1199 3892 1286 3980 quod
1301 3893 1433 3978 dignum
1457 3899 1507 3957 ost
1530 3897 1743 3977 cognoscatur
1764 3897 1798 3954 ot
1816 3888 1903 3976 quod

244 3995 410 4081 indignum
436 4004 614 4083 respuatur.
659 3998 784 4065 Tamen
809 3998 896 4087 quod
918 4007 1046 4085 gestum
1099 3999 1517 4085 indignumestrespuatur.
1541 3993 1903 4081 Tamenquodgcstum

244 4101 408 4185 potuimus
424 4103 590 4187 repperire
602 4103 634 4166 in
647 4109 777 4169 nostrae
793 4104 879 4169 sedis
895 4102 1047 4184 studium,
1100 4103 1263 4191 potuimus
1286 4102 1429 4188 reperire
1451 4101 1484 4165 in
1500 4108 1629 4166 nostrae
1646 4097 1732 4164 sedis
1751 4096 1902 4167 studium.

246 4203 288 4267 ad
324 4211 411 4268 tuam
447 4206 615 4270 caritatem
647 4207 829 4290 gaudentes
862 4207 1047 4272 direximus.
1100 4206 1142 4272 ad
1175 4213 1263 4272 tuam
1297 4206 1464 4271 caritatem
1499 4203 1681 4289 gaudentes
1716 4201 1903 4267 direximus.

246 4308 312 4371 Ora
335 4330 393 4394 pro
421 4309 514 4373 nobis
537 4308 579 4373 ad
602 4316 744 4374 sanctam
769 4311 1047 4392 resurrectionem,
1102 4310 1168 4375 Ora
1195 4331 1253 4397 pro
1276 4311 1369 4375 nobis
1392 4308 1433 4374 ad
1456 4315 1600 4373 sanctum
1624 4304 1902 4383 resurrectionem,

246 4412 346 4476 frater
363 4413 604 4500 compresbitcr.
638 4413 723 4477 Vale
739 4414 771 4478 ln
788 4414 927 4479 Christo.
963 4413 1047 4478 Data
1103 4415 1203 4480 irater
1222 4412 1454 4499 conpresbitcr.
1488 4411 1572 4477 Vale
1588 4411 1619 4474 in
1636 4409 1777 4475 Glrristo.
1818 4404 1902 4469 llatu

247 4515 277 4580 X
300 4516 343 4580 kl.
369 4516 437 4581 lun.
1103 4519 1134 4583 X
1158 4517 1325 4583 kalendar.
1349 4516 1578 4581 Ianuariarum.

248 4636 394 4723 Accepta
417 4637 465 4701 vl
488 4638 531 4703 kl.
556 4638 689 4703 Octobr.
1075 4628 1078 4683 l

272 4779 290 4820 ι.
314 4756 438 4821 Beatus
454 4759 570 4823 Petrus
730 4779 771 4824 xi.
796 4759 942 4821 Anieitus

261 4880 290 4923 u.
312 4859 413 4925 Linus
720 4882 772 4926 mr.
796 4861 874 4925 Pius

248 4984 291 5028 ur.
315 4963 426 5027 Gletns
583 4986 587 5053 ῑ
706 4985 770 5030 xur.
794 4964 891 5028 Soter

237 5087 289 5130 uu.
315 5065 467 5130 Clemens
700 5088 772 5131 xuu.
795 5067 931 5132 Eleuter

263 5190 292 5232 v.
317 5171 484 5234 Aneelitus
720 5192 771 5236 xv.
795 5170 909 5236 Victor
1078 5194 1082 5257 ς

250 5293 290 5339 rr.
313 5272 484 5338 Fluaristus
709 5295 772 5339 xri.
796 5275 997 5361 Zeplrcrinus

239 5398 291 5442 ru.
315 5378 504 5442 Alexander
584 5406 587 5465 r
698 5399 772 5444 xr'u.
797 5377 937 5444 calistus
1079 5368 1082 5375 ’

230 5504 293 5547 rur.
316 5483 427 5547 Xistus
584 5468 587 5555 l
690 5502 775 5546 xrru.
800 5480 951 5545 Urbanus

220 5607 294 5651 vura
319 5586 477 5671 Telespor
679 5605 777 5651 xruu.
799 5584 940 5650 Anteros

261 5710 291 5755 x.
315 5691 426 5776 lginus
723 5709 776 5753 xx.
799 5688 976 5754 Pontianus
