4658 6576
425 441 488 502 230
1129 424 1351 482 semensa

648 602 876 659 ulceremus
1560 592 1798 652 cononum

407 734 470 780 xxx.
493 710 657 777 Fabianus
847 729 943 773 xunn.
965 705 1160 771 Bonafaeius

396 838 472 883 xxxx.
495 813 654 879 Cornilius
871 831 942 876 xxv.
967 808 1149 875 Celestinus

385 942 471 986 xxm.
494 918 614 983 Lucius
861 934 943 979 xxvi.
965 913 1089 1000 Xystus

377 1046 473 1091 xxnn.
496 1021 680 1108 Stephanus
847 1038 944 1083 xnvn.
966 1016 1037 1082 Leo

396 1149 470 1194 xxv.
493 1127 617 1213 Xystus
836 1142 943 1187 xcvrn.
966 1120 1111 1185 Hilarius

381 1253 467 1297 xxvi.
488 1229 653 1295 Dionisius
827 1246 944 1290 xuvrur.
968 1223 1151 1309 Simplicius

370 1356 467 1401 xxvn.
491 1334 586 1398 Felix
917 1350 942 1392 u.
965 1327 1063 1392 Felix

360 1460 468 1504 xxxin.
490 1437 678 1502 Euticianus
904 1454 943 1498 m.
966 1430 1116 1496 Gelenius

347 1563 468 1609 xxvnu.
492 1540 593 1605 Gaius
894 1558 942 1602 un.
966 1534 1158 1600 Anastasius

394 1666 469 1711 xxx.
492 1642 700 1710 Marcellinus
882 1661 943 1705 uin.
968 1638 1172 1704 simmachus

386 1771 470 1815 xxxx.
493 1747 666 1814 Marcellus
873 1765 945 1808 uun
969 1740 1145 1807 Hormisda

373 1875 470 1920 xxxx.
493 1852 655 1918 Eusebius
897 1867 945 1911 nv.
968 1846 1120 1910 Iohannis

362 1978 472 2022 Xxxlll.
497 1952 673 2020 Melciades
887 1972 948 2015 uxr.
971 1949 1067 2015 Felix

352 2081 472 2126 xxxnn.
496 2059 652 2124 Silvester
873 2075 944 2120 nvn.
968 2053 1163 2118 Bonelacius

374 2183 469 2228 xxxv.
493 2162 621 2226 Marcus
863 2179 943 2223 cxxxx.
967 2157 1122 2222 Iohannis

363 2287 470 2331 xxxxi.
492 2266 594 2330 Iulius
851 2283 943 2328 mnu.
967 2260 1116 2347 Agepius

355 2391 472 2435 xxxxn.
495 2368 645 2432 Liberius
899 2386 949 2431 nx.
972 2364 1115 2430 Silvarus

343 2494 473 2539 xxxvlu.
495 2472 593 2537 Felix
889 2491 948 2534 uxr.
970 2467 1110 2553 Vigilius

329 2598 473 2644 xxxvnn.
494 2575 657 2640 Damasus
876 2594 947 2638 exn.
970 2572 1125 2658 Pelagius

424 2701 473 2744 xu.
498 2680 630 2745 Sinicius
866 2699 948 2742 exin.
972 2674 1125 2739 Iohannis

414 2806 474 2851 xur.
497 2782 688 2849 Anastasius
855 2802 947 2845 exim.
972 2777 1169 2843 Benedictus

407 2909 478 2956 xun.
502 2886 714 2952 Innocenoius
878 2906 947 2948 cxx.
971 2883 1125 2968 Pelagius

390 3013 475 3059 xcnr.
499 2992 646 3056 Zosimus
762 2990 765 3089 l

1328 3113 1446 3199 Incipit
1468 3110 1548 3176 ordo
1572 3112 1797 3196 episcoporum
1821 3105 1958 3170 Romae.

476 3255 496 3300 ¹·
518 3232 645 3298 BEATVS
672 3231 699 3295 Ρ
701 3250 807 3311 ETRVS,
1330 3257 1349 3299 ι.
1373 3233 1500 3299 Bsxrvs
1524 3231 1659 3310 Parnm,

432 3353 664 3433 Antiocheam,

431 3475 514 3538 filius
538 3473 706 3553 Iohannis,
742 3471 926 3558 provinciae
961 3469 1136 3548 Gallilfflw,
1160 3467 1232 3531 *1100
1286 3477 1369 3541 filius
1405 3474 1574 3553 Iohannis,
1607 3470 1793 3559 provinciae
1828 3467 1991 3545 Galilaea,
2015 3468 2089 3532 vieo

431 3576 621 3659 Bethsaida,
1286 3577 1472 3659 Bethsaida,

433 3698 534 3762 frater
557 3695 709 3760 Andreae
733 3703 767 3760 ct
789 3696 939 3781 princeps
962 3694 1192 3778 apostolorum,

433 3819 570 3904 primurn
594 3815 680 3880 sedit
701 3815 857 3880 cathedra
880 3816 1085 3901 episcopatus
1108 3815 1140 3878 in
1163 3812 1231 3876 An·
1286 3822 1422 3909 primum
1447 3818 1531 3883 sedit
1553 3815 1706 3881 cathedra
1735 3815 1939 3900 episcopatus
1961 3813 1993 3874 in
2017 3808 2088 3877 Au-

433 3920 553 3985 tiochia
575 3921 667 3983 annis
689 3920 731 3984 X.
1285 3924 1428 3989 thioehia
1450 3943 1501 3988 an.
1517 3919 1583 3985 VII

433 4041 497 4106 llic
511 4041 628 4105 Petrus
644 4041 807 4125 ingressus
829 4040 861 4103 in
883 4038 963 4103 urbe
980 4038 1086 4102 Roma
1101 4036 1231 4101 Nerone
1286 4045 1404 4110 deinde
1428 4045 1460 4108 in
1484 4042 1587 4106 Roma

434 4144 576 4209 Caesare
598 4143 708 4229 ibique
737 4142 822 4208 sedit
849 4141 1005 4207 cathedra
1028 4143 1232 4227 episcopatus

434 4286 507 4330 ann.
525 4265 622 4329 XXV
646 4285 746 4328 mens.
763 4264 796 4328 Il
819 4262 889 4327 dies
905 4262 965 4327 ΙΙΙ.
1285 4291 1336 4334 an.
1351 4268 1448 4333 XXV
1472 4287 1573 4332 mene.
1587 4264 1622 4329 Il
1645 4262 1714 4328 dies
1729 4263 1781 4327 ΠΙ

434 4385 510 4450 Fuit
532 4384 733 4470 temporibus
756 4384 878 4449 Tiberii
894 4384 1024 4450 Cosanis
1047 4389 1081 4446 et
1104 4382 1177 4446 Gaii
1200 4389 1233 4446 et
1285 4391 1360 4455 Fuit
1393 4387 1593 4475 temporibus
1621 4384 1752 4471 Tyben'i
1779 4381 1928 4447 Caesaris
1960 4386 1993 4443 et
2026 4378 2090 4444 Gai

435 4487 557 4552 Tiberii
581 4487 696 4552 Claudi
719 4494 752 4552 et
773 4487 921 4554 Neronis.
1287 4502 1320 4558 et
1343 4492 1475 4578 Tyberii
1498 4488 1614 4554 Claudi
1638 4494 1672 4551 et
1693 4486 1843 4567 Neronis,

1287 4613 1346 4678 sub
1370 4634 1433 4698 quo
1457 4618 1490 4677 et
1512 4630 1625 4696 passus
1649 4613 1710 4674 est.

436 4727 499 4791 Hic
522 4729 648 4813 scripsit
671 4728 750 4792 dune
780 4728 950 4814 epistulas.
974 4747 1036 4812 que
1061 4727 1233 4790 canonicae
1286 4733 1349 4797 Ille
1372 4733 1499 4818 scripsit
1521 4729 1600 4794 duas
1624 4729 1788 4814 epistolas,
1806 4745 1888 4811 quae
1912 4724 2089 4788 canonicae

436 4833 651 4913 nominantur,
665 4841 698 4896 et
714 4831 919 4916 euangelium
932 4830 1043 4906 Marci,
1060 4831 1136 4915 quia
1149 4831 1233 4893 llar-
1258 4810 1262 4903 Ι
1287 4837 1499 4916 nominantur,
1514 4843 1548 4898 et
1564 4833 1768 4917 euangelium
1786 4829 1896 4910 Marci,
1913 4828 1988 4913 quia
2002 4826 2091 4892 Mar-

437 4956 495 4998 cus
518 4936 647 4999 auditor
670 4937 739 4999 cius
762 4936 822 4998 fuit
844 4940 878 4996 et
900 4933 982 4996 filius
999 4933 1040 4995 de
1056 4934 1233 5018 baptismo:
1287 4960 1342 5003 eus
1365 4936 1493 5001 auditor
1516 4939 1584 5000 eius
1607 4936 1666 4999 luit
1690 4942 1723 4999 et
1745 4935 1828 4999 filius
1848 4932 1889 4996 de
1905 4931 2091 5017 baptismo;

436 5045 511 5122 post
534 5059 662 5103 omnem
685 5045 836 5124 quattuor
851 5036 1094 5120 euangeliorum
1111 5038 1234 5100 {histem
1287 5049 1361 5128 post
1383 5061 1511 5104 omnem
1528 5047 1679 5125 quattuor
1696 5040 1940 5124 euangeliorum
1964 5036 2090 5099 fontem

437 5140 479 5204 ad
504 5142 789 5226 iuterrogationam
807 5140 1028 5224 l’etrilhrmati
1051 5149 1133 5220 sunt,
1158 5139 1234 5203 dum
1287 5145 1329 5208 ad
1345 5146 1632 5228 interrogationem
1651 5144 1737 5206 Petri
1755 5144 1881 5205 hrnruta
1903 5148 1986 5220 sunt,
2012 5138 2089 5203 dum

437 5245 518 5307 alius
541 5243 657 5325 Greee,
681 5247 761 5309 alius
792 5244 962 5323 Ehraieae,
991 5243 1072 5306 alius
1098 5241 1234 5306 Latinae
1287 5249 1368 5312 alius
1391 5247 1532 5329 Graece,
1555 5249 1635 5311 itlius
1659 5245 1837 5328 llebraiee,
1866 5246 1947 5309 alius
1969 5243 2088 5307 Latine

437 5356 622 5412 consonent.
1287 5358 1451 5415 consonet.

436 5466 499 5531 llic
523 5470 677 5554 martyrio
701 5490 773 5533 curn
795 5467 898 5531 Paulo
923 5472 1104 5531 coronatur.

438 5587 501 5651 llic
524 5589 601 5653 lecit
624 5588 842 5654 ordinationes
865 5596 947 5668 tres,
971 5588 1077 5672 presb.
1094 5586 1140 5664 X,
1165 5586 1233 5671 epi·
1288 5587 1351 5651 llic
1375 5588 1451 5652 lecit
1467 5586 1687 5652 ordinationes
1703 5588 1764 5667 Ill,
1789 5587 1959 5665 diae.Vll,
1982 5583 2094 5670 presb.

437 5711 553 5777 scopos
573 5691 639 5765 lll,
669 5693 749 5758 diac.
767 5693 833 5757 Vll
856 5715 915 5779 pcr
945 5710 1045 5757 mens.
1076 5689 1235 5754 Deeernb.
1289 5691 1336 5771 X,
1359 5691 1530 5778 episcopos
1559 5690 1608 5754 Ill
1644 5711 1704 5777 per
1740 5713 1851 5757 mense
1884 5687 2094 5758 Decembrio.
