4658 6576
1053 426 1267 483 EPITOMAE

621 602 849 657 FELIOIANA

330 1139 395 1204 Hie
418 1139 599 1218 constituit,
628 1143 664 1201 ut
690 1136 848 1200 monacha
877 1156 941 1200 non
968 1135 1130 1219 acceperit

331 1244 499 1308 velaminis
521 1242 634 1327 eapitis
650 1238 888 1319 benedictione,
911 1239 971 1302 nisi
993 1237 1130 1323 probata

332 1347 484 1411 fueritin
507 1345 690 1430 virginitate
712 1343 774 1407 LX
797 1363 963 1407 annorum.

331 1690 484 1775 Sepultus
508 1690 611 1753 estin
635 1688 768 1752 basilico
791 1686 880 1749 besti
902 1685 991 1749 Petri
1014 1684 1065 1747 Ill
1088 1681 1130 1747 id.

333 1793 439 1879 April.
484 1790 633 1856 Cessavit
656 1792 862 1876 episcopatus
886 1788 954 1853 dies
969 1788 1044 1852 l'll.

377 1984 482 2029 usum.
506 1962 658 2043 Hmsuvs,
683 1963 813 2025 natione
831 1960 962 2040 Sardus,
980 1982 1021 2024 ex
1039 1965 1130 2045 patre

333 2067 545 2153 Crispiniane,
562 2066 647 2130 sedit
662 2088 734 2130 ann.
747 2065 796 2129 vl
811 2085 915 2129 mens.
933 2064 982 2126 lll
1007 2061 1077 2126 dies
1089 2061 1145 2125 X..

331 2188 395 2253 Hie
429 2188 506 2252 feeit
542 2186 738 2251 decretalem
781 2194 814 2250 et
854 2207 911 2272 per
950 2184 1130 2248 universam

334 2293 500 2358 Orientem
519 2291 647 2371 direxit,
663 2298 696 2354 et
712 2290 864 2374 epistolas
882 2287 1001 2352 deiide
1019 2287 1128 2351 catho-

332 2397 403 2460 lica.

331 2930 395 2995 Hie
418 2928 495 2994 lecit
519 2927 718 2993 ordinatione
741 2926 759 2990 I

331 3072 391 3138 per
413 3070 514 3114 mens.
537 3047 707 3127 Decemb.‚

332 3171 439 3258 presb.
449 3169 523 3251 XV,
535 3168 676 3249 diam,
690 3169 860 3254 episcopos
870 3187 929 3250 per
940 3167 1012 3230 loca
1022 3163 1130 3230 xxll.

334 3274 488 3362 Sepultus
511 3281 560 3339 est
583 3271 624 3336 ad
648 3279 794 3337 sanetum
817 3269 1040 3350 Laurentium,

331 3501 363 3565 in
386 3499 498 3585 cripte,

332 3623 424 3686 iuxtn
457 3640 573 3705 eorpus
602 3617 691 3682 besti
724 3616 830 3701 Xysti.
891 3614 1038 3680 Cessavit
1061 3615 1130 3699 cpi-

332 3730 484 3811 seopntus
507 3722 576 3787 dies
598 3720 641 3785 X.

374 3915 490 3960 xsvuu.
513 3894 699 3974 Siscsunrs,
717 3892 846 3955 notione
863 3890 1070 3975 Tyburt-inus,
1089 3912 1130 3955 ex

332 4005 424 4084 patre
449 3995 591 4075 Uestino,
615 3994 700 4059 sedit
723 4015 794 4059 ann.
811 3993 875 4057 xl*
899 4015 999 4059 mens.
1023 3993 1037 4056 l
1062 3993 1131 4057 dies

333 4101 409 4165 Vll.
466 4098 530 4164 Hie
565 4100 729 4164 constituit
759 4097 802 4161 ed
830 4102 976 4160 sanetum
999 4096 1131 4160 Petrum

335 4212 369 4270 et
391 4204 432 4268 sd
448 4214 592 4267 sanctum
609 4202 747 4266 Paulum
771 4209 804 4265 et
826 4199 867 4264 ad
883 4207 1027 4265 sonetum
1043 4200 1130 4264 Lau·
1156 4166 1160 4297 i

333 4308 471 4371 rentium
488 4305 698 4385 ebdomadas,
721 4312 756 4369 ut
777 4305 947 4391 presbiteri
963 4311 1132 4369 numerent

335 4416 469 4495 propter
491 4409 689 4494 baptismum
713 4416 746 4473 et·
762 4410 974 4494 penitentiam
991 4408 1130 4495 petenti·

333 4513 407 4577 bus:
439 4512 480 4577 de
510 4514 644 4597 regione
672 4514 777 4599 prima
805 4511 846 4575 ad
877 4520 1023 4576 sanetum
1047 4512 1131 4576 Pnu-

333 4618 415 4697 lum,
444 4615 485 4680 de
515 4618 648 4701 regione
674 4615 724 4679 lll
748 4614 790 4679 ad
817 4624 962 4680 sanetum
986 4616 1131 4680 Lairmen-

334 4722 425 4797 tium,
449 4718 490 4784 de
514 4721 646 4805 regione
666 4720 732 4783 ΠΙ
754 4718 796 4783 ud
820 4734 964 4785 sunctum
988 4720 1131 4786 Petrum.

337 4857 442 4923 liuius
465 4858 689 4943 episcopatum
713 4859 801 4922 venit
823 4859 937 4924 relatio
961 4859 1002 4925 de
1019 4860 1132 4924 Gretin

334 4961 376 5025 ab
399 4960 527 5039 Aratio,
551 4961 605 5046 qui
628 4961 687 5024 luit
710 4963 881 5049 episeopus
905 4962 1131 5027 Constantino-

336 5066 508 5151 politanus.
532 5071 565 5128 et
588 5064 781 5129 adfirrusbat
797 5066 894 5130 Petro
911 5065 1132 5131 Alexandrino

334 5168 526 5234 Euthiciuno
542 5168 700 5233 heretico:
717 5170 803 5234 iacta
818 5170 975 5255 petitione
992 5172 1033 5235 eb
1046 5170 1132 5236 Aeo·

334 5274 380 5337 tio
411 5274 510 5339 venit.
565 5272 656 5337 Tune
691 5272 750 5337 luit
785 5273 925 5337 ecclesia
956 5295 1133 5361 exequens.

334 5376 425 5441 'lunc
461 5375 655 5462 Spmplicius
688 5377 798 5461 presul
835 5375 1000 5444 damnavit
1033 5378 1133 5444 Petro

334 5479 568 5559 Alexandrino,
591 5479 632 5543 de
655 5501 718 5566 cpio
735 5480 869 5545 Aeetius
888 5482 1134 5549 innumerabilia

335 5584 468 5648 crimina
490 5582 690 5647 adfinnabst.
745 5583 872 5648 Eodem
908 5596 1055 5672 ternpore
1083 5610 1134 5651 re·

335 5687 461 5772 scripsit
476 5686 667 5752 Timotheus
682 5688 859 5754 catholicus
881 5697 916 5753 et-
930 5690 1065 5755 Acutius
1085 5691 1134 5757 di·

1471 596 1703 653 CONONIANA

1183 704 1268 767 liam.
1303 703 1367 768 Hic
1378 704 1542 768 constituit
1556 704 1784 767 monesterium
1800 703 1888 790 apud
1902 704 1984 771 bea-

1183 814 1250 871 tum
1275 806 1405 871 Petrum
1428 808 1621 893 apostolum.
1667 807 1730 871 Hie
1752 809 1927 887 constituit,
1952 816 1988 874 ut

1182 911 1264 974 intra
1280 912 1445 975 accionem
1457 910 1618 975 diceretur
1634 916 1780 974 sanetum
1795 911 1985 976 sacrificium

1183 1020 1216 1077 et
1239 1021 1357 1078 cetera.

1183 1136 1245 1200 Hic
1268 1137 1441 1215 coustituit,
1465 1135 1621 1198 monacha
1636 1156 1701 1198 uon
1723 1135 1877 1219 acciperit
1893 1137 1985 1200 vels-

1183 1240 1275 1303 minis
1309 1240 1422 1325 cepitis
1457 1237 1733 1319 benedictionem,
1756 1239 1816 1302 uisi
1845 1240 1986 1324 probate

1184 1342 1335 1407 fueritin
1359 1343 1542 1427 virginitate
1566 1341 1627 1405 XL
1652 1360 1764 1405 annos.

1183 1462 1246 1528 Hie
1270 1464 1448 1544 constituit,
1478 1455 1575 1547 super
1602 1462 1785 1547 sepulerum
1820 1460 1985 1545 custodes,

1185 1567 1238 1653 qui
1262 1565 1410 1631 dicuntur
1433 1565 1628 1631 cubicularii.

1185 1686 1357 1760 Quietum
1371 1688 1516 1772 sepultus
1530 1692 1579 1751 est
1595 1687 1626 1750 in
1643 1682 1776 1749 basilica
1792 1685 1882 1749 beati
1897 1684 1987 1749 Petri

1184 1790 1234 1854 ΙΙΙ
1247 1790 1288 1854 id.
1301 1792 1403 1876 April.
1443 1791 1590 1856 Cessavit
1606 1789 1813 1875 episcopatus
1828 1789 1898 1889 dies
1908 1788 1984 1852 Vll.

1227 1983 1331 2027 xnvru.
1355 1962 1506 2044 Husuvs,
1524 1963 1653 2025 natione
1670 1960 1801 2041 Sardus,
1827 1981 1869 2025 ex
1889 1967 1984 2046 patre

1184 2065 1330 2146 Piniano,
1354 2064 1438 2131 sedit
1461 2087 1511 2130 nn.
1528 2064 1575 2127 Vl
1598 2064 1768 2159 menslss
1792 2063 1861 2128 dies
1885 2063 1927 2127 X.

1182 2495 1245 2559 Hic
1267 2496 1344 2559 feeit
1367 2496 1468 2558 multa
1491 2516 1568 2558 vasa
1591 2502 1625 2558 et
1648 2494 1777 2560 diversa
1793 2501 1986 2558 ornamenta

1183 2600 1403 2684 apostolorum
1425 2598 1515 2662 Petri
1539 2605 1572 2662 et
1595 2598 1688 2663 Pauli
1713 2604 1746 2663 et
1767 2599 1800 2662 in
1825 2598 1984 2661 Constan-

1184 2704 1305 2767 tiniana
1327 2709 1361 2766 et
1383 2707 1493 2767 saneto
1519 2703 1673 2767 Laurenti
1697 2709 1730 2766 et
1753 2708 1865 2766 saneta
1881 2701 1985 2765 Maris

1184 2808 1318 2870 ornavit.

1183 2928 1247 2993 Hie
1269 2928 1347 2992 feeit
1369 2926 1607 2991 ordinationem
1631 2926 1657 3005 Ι,

1184 3169 1290 3256 presb.
1317 3168 1426 3249 XXV,
1465 3168 1547 3234 diae.
1573 3169 1636 3249 Vl,
1676 3167 1847 3253 episcopos
1875 3162 1984 3227 Xllll.

1185 3272 1246 3347 Qui
1278 3275 1376 3336 etiam
1405 3274 1550 3359 sepultus
1582 3278 1632 3337 cst
1659 3269 1700 3335 ad
1730 3275 1874 3334 sonetum
1897 3268 1985 3331 Lau-

1184 3378 1332 3457 rentium,

1184 3620 1276 3682 iuxta
1298 3613 1415 3703 eorpus
1435 3620 1536 3682 saneti
1552 3618 1657 3703 Xysti.
1702 3615 1745 3678 Et
1760 3614 1899 3679 cessavit
1914 3612 1984 3697 epi-

1184 3730 1335 3809 scopatus
1358 3720 1427 3786 dies
1451 3722 1492 3786 X.

1249 3916 1364 3960 susim.
1388 3895 1578 3973 Smummvs,
1610 3892 1741 3955 notione
1775 3888 1982 3975 Tyburtinus,

1184 4020 1227 4062 ex
1261 4009 1352 4085 putre
1388 3997 1536 4079 cassino,
1569 3995 1652 4059 sedit
1682 4016 1733 4059 an.
1751 3992 1815 4057 XV
1842 3991 1985 4056 mensi

1184 4101 1253 4165 dies
1268 4101 1342 4165 l'll.
1388 4100 1450 4164 Hie
1462 4101 1625 4164 constituit
1637 4098 1678 4161 ad
1691 4104 1837 4161 sanctum
1851 4096 1982 4160 Petrum

1186 4213 1218 4269 ct
1241 4205 1282 4269 ad
1299 4216 1444 4270 sanctum
1463 4205 1598 4268 Paulum
1622 4211 1655 4266 et
1678 4201 1720 4265 od
1735 4210 1881 4266 sanetum
1896 4200 1984 4265 Leu-

1156 4308 1160 4347 ¹
1185 4311 1322 4373 rentium
1339 4308 1547 4377 ebdomadas,
1571 4314 1606 4369 ut
1621 4305 1793 4390 presbiteri
1815 4311 1986 4369 manerent

1156 4396 1160 4523 Ξ
1185 4423 1318 4498 prepter
1345 4411 1540 4496 baptismum
1570 4419 1603 4473 et
1633 4410 1811 4495 penitentie
1841 4409 1982 4495 petenti-

1157 4516 1259 4580 ibus:
1293 4515 1333 4579 dc
1364 4517 1497 4601 regione
1529 4514 1624 4578 tertia
1655 4512 1697 4575 nd
1725 4520 1871 4576 sanctum
1894 4511 1983 4576 Leu-

1185 4621 1333 4685 rentium.
1350 4619 1391 4683 de
1407 4619 1540 4703 regione
1555 4617 1657 4703 prima
1678 4615 1721 4680 od
1736 4624 1880 4680 sanctum
1895 4616 1981 4680 Pau·

1185 4725 1267 4805 lum,
1297 4724 1337 4789 dc
1361 4724 1494 4808 regione
1510 4720 1575 4785 l'll
1603 4720 1645 4785 nd
1668 4728 1814 4784 sanetum
1838 4720 1984 4785 Petrum.
