4658 6576
1005 454 1220 511 ΕΡΙΤΟΜΛΕ
1873 456 1932 517 25¹

569 628 794 683 FELIOIANA
1420 624 1655 681 OONONIANA

279 733 362 797 Urso
392 735 493 819 pilato
519 733 547 796 V
571 734 615 799 kl.
639 733 713 797 Mai.
771 733 918 798 Cessavit
954 733 1079 818 episco·
1133 734 1216 798 Urso
1252 735 1352 820 pilate
1379 732 1408 794 V
1436 732 1468 797 k.
1492 731 1567 795 Mai.
1625 728 1773 795 (lassavit
1807 730 1934 816 episeo-

280 844 374 922 patus
398 837 467 903 dics
490 836 581 902 XXI.
1134 844 1228 922 patus
1251 836 1321 902 dies
1343 835 1435 900 XXI.

325 980 396 1025 nnn.
420 960 632 1039 Inuocsrrrvs,
655 959 785 1022 natione
809 956 1014 1037 Albanensis,
1038 977 1080 1020 ex
1176 978 1249 1022 ιιιιι.
1273 956 1487 1037 lrrocsrrrvs,
1510 956 1641 1020 natione
1661 954 1868 1035 Albanensis,
1891 976 1934 1019 ex

279 1069 370 1147 patre
405 1062 612 1142 Innocentio,
646 1060 730 1124 sedit
763 1082 836 1125 ann.
853 1061 917 1123 XV
940 1060 1077 1124 mensl
1133 1068 1225 1147 patre
1260 1060 1468 1137 Innocentio,
1502 1058 1588 1122 sedit
1620 1080 1671 1122 an.
1688 1057 1751 1122 XV
1783 1058 1933 1123 mens.II

279 1163 348 1229 dics
361 1164 453 1229 XXI.
489 1165 552 1229 Ilic
565 1165 728 1229 constituit
742 1163 913 1227 sabbatum
926 1164 1078 1227 ieiunium
1134 1164 1202 1228 dies
1224 1163 1333 1227 XXII.
1379 1163 1442 1227 Hie
1469 1163 1633 1227 constituit
1656 1162 1828 1226 sabbatum
1851 1163 1932 1226 ieiu-

281 1267 450 1349 eelebrari,
475 1268 548 1333 ideo
573 1270 648 1355 quia
677 1267 848 1331 sabbatum
878 1267 1025 1330 dominus
1047 1268 1078 1330 in
1133 1268 1218 1331 nium
1249 1267 1432 1347 celebrare,
1462 1267 1537 1352 quia
1565 1265 1700 1329 sabbato
1733 1266 1879 1330 deminus
1902 1268 1934 1330 in

282 1373 429 1457 sepulcre
454 1373 576 1457 positus
599 1378 649 1435 est
679 1377 711 1434 ct
740 1370 887 1456 discipuli
914 1371 1077 1434 ieiunave—
1135 1372 1282 1456 sepulcro
1306 1371 1429 1456 positus
1459 1376 1508 1433 est
1541 1376 1574 1433 et
1597 1368 1744 1454 discipuli
1767 1369 1933 1433 ieiunare·

1133 1481 1215 1541 runt.
1260 1474 1323 1538 IIic
1346 1475 1423 1539 lecit
1446 1473 1664 1537 ordinationes
1687 1471 1765 1553 HlI,

278 1481 360 1539 runt.
406 1475 468 1539 Hie
491 1475 569 1540 feeit
591 1474 810 1540 ordinationes
833 1474 901 1538 IlIl

278 1617 337 1680 per
359 1594 516 1660 Deccmb.

278 1715 385 1801 presb.
401 1715 510 1796 XXX,
534 1715 709 1795 diae.Xll,
733 1716 903 1800 episcopos
926 1736 985 1800 per
1008 1716 1078 1778 loca
1131 1714 1238 1800 presb.
1263 1715 1375 1796 XXX,
1409 1714 1490 1779 diae.
1513 1713 1595 1794 XII,
1631 1712 1801 1798 episcopos
1823 1711 1930 1777 LIIII.

278 1819 386 1883 LllII.
432 1818 585 1906 Sepultus
609 1826 658 1883 est
686 1818 727 1882 ad
752 1818 835 1881 Ursu
858 1817 958 1902 pilato
980 1817 1010 1880 V
1034 1817 1077 1881 kl.
1134 1819 1352 1904 Sepultusque
1386 1824 1436 1881 est
1470 1817 1511 1880 ad
1535 1816 1618 1879 Urso
1641 1816 1742 1901 pilato
1763 1814 1793 1879 V
1816 1816 1847 1879 k.
1871 1815 1931 1880 Iul.

280 1922 340 1985 Iul.
386 1920 532 1986 Cessavit
554 1923 759 2008 episcopatus
782 1920 851 1985 dies
874 1918 965 1982 XXI.
1133 1920 1279 1986 Oessavit
1303 1923 1509 2008 episcopatus
1533 1919 1601 1983 dies
1624 1918 1734 1983 XXII.

321 2080 405 2126 xum.
429 2061 580 2142 Zesrurs,
603 2061 732 2124 natione
756 2058 897 2137 Grecus,
922 2078 963 2121 ex
985 2062 1078 2144 patre
1176 2081 1260 2126 xrrn.
1284 2060 1433 2141 Zesrnvs,
1457 2058 1587 2124 natione
1611 2056 1751 2137 Greeus,
1776 2077 1818 2121 ex
1840 2061 1933 2141 patre

280 2161 453 2249 Apromio,
496 2162 582 2227 sedit
619 2184 691 2227 aun.
724 2163 740 2226 I
787 2182 888 2225 mens.
924 2160 957 2223 II
1009 2159 1078 2223 dies
1133 2162 1298 2244 Abramio,
1333 2161 1417 2227 sedit
1450 2161 1582 2225 anl'll
1611 2182 1712 2226 mens.
1731 2159 1832 2224 VIIII
1863 2158 1933 2223 dies

278 2266 338 2332 Xl.
384 2267 447 2332 Ilic
478 2267 656 2347 constituit,
686 2271 722 2329 ut
744 2264 870 2329 diaconi
896 2265 970 2328 leva
992 2270 1079 2327 tecta
1132 2265 1275 2331 XXIIII.
1334 2265 1426 2330 Fecit
1457 2266 1680 2341 constitutum,
1708 2270 1745 2328 ut
1779 2261 1931 2327 diacones

278 2370 438 2435 baberent
474 2371 515 2435 dc
552 2371 667 2457 palleis
705 2369 873 2434 linostimis
910 2390 969 2454 pcr
1003 2390 1075 2454 par·
1131 2368 1204 2432 leva
1237 2374 1325 2433 tecta
1357 2368 1517 2432 habereut
1547 2366 1587 2431 de
1619 2367 1733 2453 palleis
1762 2366 1930 2430 linostimis

277 2475 413 2555 roelrias,
439 2482 472 2540 et
494 2482 529 2539 ut
552 2495 626 2539 cera
648 2472 869 2539 benedicatur.

277 2920 341 2986 Hie
364 2921 439 2985 lecit
463 2919 697 2985 ordinationem
720 2921 737 2985 Ι

277 3063 337 3128 per
359 3061 459 3106 mens.
483 3040 652 3122 Decemb,

279 3162 387 3249 presb.
398 3161 440 3244 X,
456 3161 538 3225 diae.
548 3161 609 3244 III,
627 3161 796 3247 episcopos
808 3182 867 3246 per
883 3162 955 3224 loca
967 3158 1076 3224 VIIII.

279 3266 431 3352 Sepultus
461 3271 510 3329 est
539 3266 631 3329 iuxta
660 3285 775 3350 eorpus
802 3264 890 3328 beati
913 3263 1077 3343 Laurenti,

278 3474 330 3538 via
353 3472 532 3554 Tiburtina,

277 3593 343 3658 Vll
379 3593 424 3658 kl.
458 3594 527 3658 Ian.
587 3590 735 3657 Cessarit
768 3592 974 3677 episcopatus
1008 3589 1078 3654 dics

276 3697 336 3763 XI.

320 3838 413 3882 xnnn.
438 3815 642 3899 Bosrrnrrvs,
672 3816 802 3879 natione
826 3816 1006 3895 Romanus,
1035 3835 1077 3879 ex

283 3925 376 4005 putre
409 3918 552 3983 Iocunde
588 3919 783 4005 presbitero,
818 3918 902 3983 sedit
936 3940 1008 3982 ann.
1028 3917 1075 3981 lll

281 4042 381 4086 mens.
398 4021 498 4085 l'llll
528 4022 597 4087 dies
613 4022 670 4085 Vl.
726 4022 789 4087 llic
818 4024 877 4086 sub
900 4022 1077 4085 intentione

280 4145 351 4189 eum
380 4124 505 4189 Eulalie
542 4125 726 4190 ordinatore
762 4128 822 4192 luit
856 4126 1011 4189 dissensio
1046 4125 1077 4188 in

278 4228 364 4293 elcre
392 4250 491 4292 mens.
511 4229 577 4293 Vll
602 4230 671 4294 dies
695 4230 768 4296 XV.
813 4230 856 4293 Et
887 4229 971 4293 lecte
1002 4249 1076 4314 syn·

277 4331 340 4397 edo
364 4331 534 4419 deponitur
557 4333 701 4397 Eelalius

277 4454 337 4518 sub
362 4455 432 4518 aliis
456 4455 627 4540 episeopis,

277 4576 352 4661 quia
374 4576 456 4639 iuste
481 4596 545 4640 nen
565 4576 672 4639 luerat
688 4572 863 4657 ordinatus,
879 4580 912 4637 et
935 4593 977 4637 ex
1000 4592 1075 4637 cen-

282 4699 379 4742 sensu
409 4680 550 4742 omnium
580 4677 664 4743 sedit
688 4676 882 4741 Boncfacius
913 4677 1021 4762 presul
1045 4681 1077 4739 ct

280 4782 482 4845 constituitur
517 4780 660 4846 Eulalius
694 4781 725 4843 iu
755 4781 920 4845 civitatem
948 4779 1075 4865 Nepes-

277 4883 380 4947 sinam
409 4885 591 4971 episcopus.
644 4884 706 4948 llic
730 4884 906 4965 constituit,
931 4884 1078 4948 utnulla

277 5004 393 5069 mulier
416 5005 468 5069 vel
492 5006 650 5071 monacha

276 5125 364 5211 palla
387 5132 514 5190 saerata
536 5124 728 5211 contingerit

275 5251 331 5309 aut
358 5246 473 5310 levarit

276 5373 332 5431 aut
361 5367 526 5432 incensum
553 5368 681 5453 ponerit
709 5367 741 5431 in
768 5368 906 5433 ecelesia
935 5368 994 5433 nisi
1017 5371 1076 5433 mi·

276 5471 389 5544 nister;
413 5491 473 5535 nee
495 5492 623 5536 servum
647 5472 798 5536 clericum
821 5473 901 5538 fieri.

276 5712 340 5779 llic
365 5711 442 5777 leeit
465 5710 699 5777 ordinationem
723 5711 740 5785 I

1131 2491 1189 2556 per
1211 2472 1390 2557 parochias,
1414 2478 1448 2536 et
1471 2478 1506 2535 nt
1528 2491 1604 2535 cera
1626 2469 1848 2550 benedicatur,

1131 2597 1165 2655 et
1185 2597 1221 2655 ut
1242 2594 1347 2657 nullus
1371 2592 1504 2657 clericus
1530 2592 1562 2656 in
1585 2592 1736 2679 peculum
1767 2589 1932 2676 publicum

1131 2698 1370 2782 propinaretur,
1405 2697 1466 2761 nisi
1499 2702 1624 2761 tantum
1658 2696 1740 2761 ealle
1778 2691 1932 2772 fidelium,

1131 2800 1293 2864 maximae
1317 2800 1515 2865 elericorum.

1132 2919 1196 2985 Hie
1218 2921 1296 2986 lecit
1319 2920 1554 2986 ordinationem
1577 2918 1604 3001 I,

1132 3160 1239 3246 presb.
1254 3160 1301 3243 X,
1326 3161 1407 3227 diae.
1431 3161 1497 3242 III,
1527 3161 1698 3245 episcopos
1714 3155 1824 3221 VIIII.
1870 3154 1929 3219 Sc-

1131 3265 1305 3352 pultusque
1330 3271 1380 3330 est
1401 3266 1493 3329 iuxta
1520 3284 1635 3348 cerpus
1666 3262 1754 3327 beati
1776 3259 1932 3325 Laurenti

1131 3386 1280 3471 martyris

1129 3591 1195 3656 VH
1217 3592 1250 3657 k.
1273 3591 1340 3656 Ian.
1395 3589 1437 3654 llt
1466 3589 1604 3655 cessarit
1632 3588 1837 3674 episcopatus
1860 3585 1931 3651 dies

1130 3695 1190 3761 XI.

1173 3837 1266 3880 rnnu.
1290 3814 1495 3897 Berrrnrrvs,
1518 3816 1649 3880 natione
1673 3812 1853 3893 Romanus,
1888 3832 1931 3875 ex

1130 3926 1222 4007 petre
1256 3918 1400 3983 leeunde
1438 3918 1637 4004 presbitero,
1675 3917 1761 3983 sedit
1801 3937 1853 3982 an.
1878 3915 1930 3979 lll

1131 4044 1230 4088 mens.
1248 4021 1330 4087 VIII
1365 4021 1435 4086 dies
1453 4023 1509 4088 Vl.
1564 4020 1628 4086 Hie
1660 4020 1718 4085 sub
1748 4020 1929 4084 intentione

1131 4148 1204 4191 cum
1226 4126 1354 4191 Eulalio
1378 4125 1543 4191 ordinatur
1571 4132 1605 4189 et
1633 4125 1693 4189 luit
1714 4123 1872 4188 dissensio
1897 4123 1929 4185 in

1131 4231 1217 4294 clero
1246 4250 1374 4295 menses
1399 4228 1467 4292 llll
1501 4235 1534 4293 et
1563 4226 1633 4292 dies
1655 4226 1729 4292 XV.
1774 4226 1816 4291 Et
1839 4226 1926 4291 lacte

1131 4333 1254 4420 synodo
1278 4334 1450 4420 deponitur
1474 4332 1617 4397 Eulalins

1130 4476 1150 4519 a
1173 4454 1234 4519 LII
1259 4455 1457 4541 presbiteris,

1130 4577 1206 4662 quia
1232 4576 1348 4641 iniuste
1376 4575 1482 4639 lucrat
1512 4572 1691 4654 ordinatus,
1723 4578 1756 4635 ct
1786 4593 1829 4635 cx
1852 4590 1928 4635 een-

1130 4701 1226 4744 sensu
1250 4679 1390 4744 omnium
1420 4677 1504 4742 sedit
1527 4678 1713 4742 Bonilaeins
1743 4676 1870 4761 praesul
1896 4682 1930 4739 et

1130 4784 1332 4848 constituitur
1376 4780 1520 4845 Eulalius
1564 4782 1595 4844 in
1641 4781 1769 4844 civitate
1809 4778 1927 4864 Ncpis-

1130 4908 1209 4952 sana
1236 4887 1415 4973 episeopus.
1471 4884 1536 4950 Hie
1565 4884 1744 4964 constituit,
1774 4890 1809 4947 ut
1840 4884 1929 4946 nullu

1130 5008 1321 5072 feminarum

1131 5130 1217 5216 palla
1239 5133 1366 5192 sacrata
1389 5125 1582 5211 contingerit

1129 5376 1185 5433 aut
1206 5370 1370 5433 incensum
1393 5372 1530 5454 poneret
1556 5367 1589 5430 in
1612 5364 1751 5430 ccclesia
1779 5363 1840 5429 nisi
1870 5364 1929 5429 rui·

1129 5474 1246 5548 nister;
1269 5493 1329 5537 nce
1351 5493 1480 5537 sermm
1502 5470 1654 5536 clericum
1676 5469 1756 5549 fieri,

1129 5614 1190 5659 nee
1213 5593 1390 5658 obnoxium
1413 5592 1500 5656 auria
1524 5592 1575 5656 rel
1600 5589 1771 5655 cuiuslibet
1792 5589 1852 5653 rei.

1130 5712 1194 5779 IIie
1217 5714 1296 5778 lecit
1318 5711 1555 5778 ordinationem
1579 5710 1606 5793 I,

1676 5820 1732 5875 32·
