4658 6576
927 430 1214 489 Psonnconuus.
1813 432 1901 488 CXIX

241 605 406 671 eiusmodi
438 606 652 671 mutationum
679 605 818 690 vestigia
845 605 994 670 inlibris
1024 606 1139 671 nostris
1172 605 1470 692 deprehendantur.
1515 606 1664 693 Exempli
1687 609 1793 693 gratia
1815 607 1902 672 vites

240 709 398 775 Iohannis
419 708 437 774 I
458 715 620 776 commata
649 709 754 795 primo
777 707 866 794 (133,
882 708 909 794 1)
936 730 1020 796 quae
1049 710 1167 775 absunt
1198 710 1239 775 ah
1263 712 1414 796 epitomis
1438 710 1563 777 duabus
1585 709 1688 776 verba
1709 711 1775 790 fuit
1797 715 1903 774 autem

239 820 274 879 et
296 813 489 897 temporebus
512 812 700 879 Theoderici
721 819 750 878 ct
772 813 896 877 Iustino?
910 812 1063 895 stuprasti,
1086 815 1194 900 priora
1216 815 1314 879 etiam
1338 835 1359 878 a
1380 816 1619 897 contaminatis,
1652 813 1780 879 adiecta
1811 812 1903 877 vide-

239 918 321 983 licet
342 916 494 983 ridentur
509 917 608 983 luisse
623 937 645 980 a
660 915 864 982 diasceuasta
878 916 922 981 ad
935 919 1115 1003 marginem
1138 918 1305 1004 archetypi
1327 919 1524 984 recensionis
1547 917 1725 993 secuudae;
1748 918 1795 982 ita
1815 917 1901 981 enim

241 1020 498 1107 explicationem
520 1020 631 1103 habet,
654 1019 742 1107 quod
763 1021 872 1106 priora
895 1020 1011 1086 desunt
1031 1022 1111 1086 item
1132 1023 1165 1085 in
1187 1023 1297 1086 classis
1318 1022 1480 1087 secundae
1505 1022 1686 1108 exemplari
1702 1021 1825 1107 optimo
1842 1019 1903 1101 13⁴,

239 1124 436 1190 vocabulum
459 1130 568 1189 autem
584 1125 774 1205 imperitas
795 1125 829 1190 in
851 1124 968 1190 eodem
990 1124 1072 1190 libro
1088 1126 1222 1210 aliisque
1246 1126 1357 1191 classis
1380 1126 1527 1191 eiusdem
1549 1126 1668 1211 legitur
1688 1125 1761 1189 loco
1784 1124 1901 1190 alieno.

238 1228 403 1294 Receusio
418 1228 508 1314 prior
523 1228 550 1292 si
569 1233 658 1293 recte
673 1235 752 1293 nota
768 1235 865 1311 esset,
881 1229 1016 1322 ulterius
1037 1228 1071 1294 id
1086 1230 1240 1314 persequi
1255 1230 1389 1306 liceret;
1410 1231 1475 1294 iam
1491 1228 1650 1296 eiusmodi
1666 1228 1901 1295 observationi-

238 1333 303 1400 bus
325 1334 446 1399 iustum
468 1331 712 1399 fundamentum
735 1332 839 1399 deest.

619 1657 824 1724 conluunt
847 1658 1038 1724 OLASSES
1060 1659 1204 1725 PRIMA
1226 1660 1284 1725 ΕΤ
1307 1660 1529 1728 SECVNDA.

347 1800 401 1866 Ab
428 1800 490 1864 hoc
517 1799 715 1864 recensionis
742 1798 930 1885 posterioris
961 1798 1138 1884 archetypo
1170 1798 1233 1863 duo
1263 1800 1465 1886 exemplaria
1496 1805 1625 1885 sumpta
1653 1806 1742 1882 snut,
1767 1820 1902 1886 quorum

240 1905 381 1970 alterum
403 1905 574 1990 generavit
595 1902 724 1968 codices
747 1903 857 1967 classis
879 1903 1020 1989 primae,
1045 1902 1206 1967 secundae
1231 1903 1359 1968 codices
1383 1904 1535 1969 alterum.
1581 1902 1728 1969 Duorum
1755 1903 1901 1968 ordinum

243 2008 425 2095 separatio,
453 2008 577 2073 scilicet
604 2007 632 2071 si
660 2005 825 2091 sequimur
848 2005 976 2070 codices
998 2006 1165 2091 utriusque
1190 2008 1319 2092 generis
1352 2007 1505 2072 meliores
1532 2008 1661 2071 reiectis
1688 2006 1903 2073 deterioribus

242 2111 367 2198 passim
389 2131 432 2176 ex
454 2111 558 2176 altero
588 2109 701 2175 ordine
725 2109 965 2191 contaminatis,
990 2114 1078 2173 certa
1109 2115 1159 2172 est
1181 2109 1285 2174 ubivis
1308 2116 1342 2174 et
1363 2116 1542 2196 perpetua,
1571 2109 1605 2174 id
1629 2117 1679 2175 est
1701 2112 1898 2194 continuata,

239 2216 273 2281 ni
295 2215 401 2297 fallor,
424 2213 468 2279 ad
490 2214 682 2301 episcopum
703 2212 886 2291 Cononem,
909 2214 942 2276 in
965 2233 1028 2299 quo
1052 2233 1149 2299 supra
1172 2215 1215 2299 (p.
1232 2213 1329 2298 XIV)
1354 2212 1492 2278 vidimus
1516 2214 1656 2280 finivisse
1681 2216 1896 2302 exemplaria,

242 2339 378 2406 qnorum
406 2317 504 2384 hodie
533 2318 648 2382 notitia
680 2322 787 2399 extat,
819 2318 1039 2403 antiquissima
1063 2338 1220 2402 quaeque.
1267 2316 1365 2382 Oerte
1398 2339 1595 2405 quamquam
1622 2319 1692 2383 fieri
1715 2325 1839 2406 potest,
1863 2325 1898 2383 ut

243 2422 393 2488 classium
424 2422 560 2488 duarum
588 2421 801 2507 archetypum
830 2441 999 2486 commune
1029 2420 1196 2486 Cononem
1224 2443 1289 2486 non
1321 2423 1480 2508 attigerit,
1508 2443 1572 2487 uon
1599 2424 1700 2487 multo
1723 2429 1799 2487 ante
1824 2444 1897 2487 eum

241 2526 402 2606 subsistit,
427 2532 461 2591 et
482 2546 681 2614 quamquam
711 2525 744 2589 in
767 2525 840 2589 vitis
863 2526 979 2590 aetatis
1001 2525 1188 2611 posterioris
1211 2525 1284 2591 libri
1307 2547 1418 2591 omnes
1446 2527 1514 2591 fere
1545 2524 1741 2591 concordant
1764 2533 1798 2591 et
1820 2547 1896 2612 gra-

242 2630 386 2697 vioribus
408 2628 633 2716 discrepantiis
656 2627 879 2694 deficientibus
902 2630 1052 2694 classium
1069 2628 1239 2695 diversitas
1263 2630 1462 2712 obscuratur,
1486 2650 1526 2695 ea
1548 2635 1624 2695 ante
1643 2629 1810 2695 Cononem
1833 2651 1898 2695 nou

248 2735 382 2818 tollitur,
405 2740 441 2799 ut
463 2733 639 2799 ostendunt
659 2733 745 2798 inter
767 2733 847 2798 alios
869 2733 933 2798 loci
954 2732 1001 2798 hi:

248 2877 348 2956 Πομ
369 2873 423 2939 hic
444 2873 612 2939 inuestiuit
632 2873 742 2959 regias
763 2874 798 2937 iu
818 2873 966 2957 ingressu
989 2893 1042 2937 ec·
1095 2872 1263 2937 iuuestiuit
1278 2872 1390 2958 regias
1409 2872 1442 2937 in
1456 2873 1606 2958 ingressu
1621 2873 1779 2938 ecclesiae
1796 2874 1899 2939 maio-

350 2977 470 3042 clesiae
494 2977 564 3042 eius
587 2976 759 3060 (ecelesiae
775 2977 864 3042 beati
878 2977 963 3062 petri
977 2976 1044 3064 Al)
1162 2975 1205 3039 ris
1234 2974 1324 3062 (libri
1356 2975 1429 3040 boni
1451 2977 1604 3062 maiores)
1637 2978 1691 3062 qui
1719 2979 1903 3065 appellatur

350 3101 431 3168 quas
454 3088 574 3147 uocant
595 3078 795 3146 medianaI
1163 3078 1315 3144 mediana
1339 3079 1385 3145 II

249 3186 349 3263 ssa.
370 3205 432 3272 per
454 3183 588 3250 eosdem
611 3182 756 3248 missal
1098 3203 1159 3269 per
1181 3183 1317 3249 eosdem
1340 3184 1457 3248 missos
1479 3183 1525 3248 ΙΙ

244 3321 314 3389 Sed
335 3320 378 3387 ad
400 3322 483 3387 vitas
505 3322 645 3407 quinque
668 3320 763 3385 huius
786 3318 935 3384 editionis
957 3326 1138 3406 postremas
1162 3319 1268 3406 Sergii
1290 3320 1307 3384 I
1331 3320 1527 3385 lohanniurn
1551 3320 1602 3386 VI
1625 3327 1659 3387 et
1682 3321 1747 3386 VII
1772 3322 1901 3388 Sisinnii

244 3424 463 3509 Constantini,
493 3446 573 3512 quas
603 3445 700 3510 supra
722 3446 754 3510 p.
769 3422 863 3489 XCV
897 3425 1036 3490 diximus
1069 3431 1143 3510 post
1176 3418 1381 3489 intervdllum
1415 3424 1542 3511 corpori
1577 3426 1794 3512 supplementi
1828 3426 1900 3491 loco

244 3529 432 3613 accessisse,
455 3529 605 3596 classium
627 3529 724 3594 trium
748 3529 987 3616 separationem
1008 3550 1073 3594 non
1095 3530 1266 3616 pervenire
1287 3529 1371 3594 inha
1392 3526 1437 3616 (p.
1455 3528 1647 3616 CXXXIV)
1671 3531 1878 3596 ostendimus.

349 3650 513 3738 Sequitur,
535 3656 572 3716 ut
592 3651 650 3716 ubi
672 3650 819 3716 eiusdem
845 3651 956 3716 classis
978 3651 1051 3716 libri
1074 3650 1275 3731 dissentiunt,
1298 3651 1419 3716 scilicet
1441 3649 1604 3716 secundae
1628 3650 1716 3736 (nam
1739 3653 1772 3716 in
1794 3653 1899 3737 prima

242 3755 402 3821 Lucensis
421 3776 488 3821 uon
510 3760 577 3820 tam
599 3756 770 3841 primarius
793 3762 844 3820 est
867 3776 963 3840 quam
986 3755 1122 3840 uniens),
1155 3755 1178 3819 ii
1210 3755 1279 3819 fere
1312 3755 1479 3841 archetypi
1513 3756 1687 3821 lectionem
1722 3755 1900 3820 exhibeant

242 3879 379 3925 necesse
401 3860 453 3942 sit,
475 3859 531 3946 qui
553 3859 757 3925 consentiunt
779 3880 852 3924 cum
875 3860 977 3924 classe
1000 3860 1105 3946 prima
1128 3879 1265 3944 eamque
1288 3859 1408 3943 legem,
1432 3858 1488 3923 ubi
1506 3859 1639 3925 ecdicos
1655 3860 1765 3924 classis
1782 3881 1897 3925 secuu-

244 3962 308 4029 dae
331 3964 518 4050 singillatim
541 3963 805 4045 examinavimus,
828 3963 968 4029 vidimus
991 3964 1095 4029 ubivis
1119 3984 1216 4051 posse
1240 3963 1376 4029 admitti.

351 4082 450 4151 (lrisis
475 4084 576 4171 igitur
605 4085 747 4171 corporis
770 4085 907 4150 vitarum
938 4085 1140 4172 potissimum
1167 4085 1348 4150 continetur
1369 4084 1459 4149 libris
1482 4083 1618 4150 duorum
1647 4082 1793 4149 ordinum
1816 4085 1900 4149 intra

243 4210 281 4255 se
305 4187 531 4276 comparandis
553 4195 588 4253 et
609 4188 666 4254 ubi
688 4187 855 4271 differunt,
880 4189 1031 4275 eligenda
1061 4189 1203 4254 lectione
1226 4189 1457 4275 probabiliore.
1502 4186 1627 4252 Neutro
1652 4187 1764 4253 ordine
1788 4209 1899 4253 carere

243 4314 304 4360 nos
326 4313 423 4380 posse
446 4312 520 4358 eum
543 4291 712 4358 evidenter
734 4298 909 4379 appareat,
940 4298 977 4358 ut
1000 4292 1040 4359 de
1064 4293 1229 4379 utriusque
1253 4292 1362 4358 indole
1391 4299 1479 4358 recte
1502 4292 1677 4371 iudicetur,
1702 4292 1899 4358 subiecimus

242 4399 410 4486 specimen
431 4397 581 4462 vitiorum
604 4397 714 4462 classis
736 4398 901 4484 utriusque
923 4398 969 4462 ita
990 4397 1179 4479 institutum,
1203 4403 1238 4462 ut
1260 4397 1392 4462 lectioni
1414 4417 1510 4462 verae
1533 4395 1746 4481 subiungatur
1767 4397 1896 4465 vitiosa.

244 4502 367 4569 Classis
395 4501 500 4588 prima
523 4498 570 4587 (Il
597 4500 631 4565 in
661 4500 724 4565 hoc
752 4499 888 4565 elencho
918 4500 1118 4584 intellegitur
1145 4501 1347 4586 potissimum
1379 4500 1484 4566 codex
1515 4501 1670 4566 Lucensis
1693 4500 1783 4588 (A¹)‚
1807 4502 1900 4566 iuxta

245 4627 344 4694 quem
365 4605 482 4691 reliqui
505 4602 650 4669 eiusdem
666 4602 787 4668 ordinis
809 4603 864 4668 vix
886 4604 920 4668 in
942 4624 1073 4669 censum
1091 4605 1239 4680 veniunt;
1262 4605 1425 4671 secundae
1442 4605 1552 4669 classis
1568 4603 1630 4689 (Il)
1647 4604 1746 4669 libros
1769 4605 1897 4690 potissi-

245 4730 337 4776 mum
358 4708 548 4796 respicimus
567 4705 674 4789 0³3⁴,
702 4707 898 4794 reliquorum
926 4708 1090 4773 erroribus
1119 4709 1296 4773 minorihus
1327 4709 1359 4773 in
1381 4709 1539 4774 latcrculo
1569 4708 1632 4773 hoc
1655 4710 1899 4794 praetermissis.

244 4813 486 4900 Adscripsimus
513 4812 593 4878 item
622 4817 753 4898 praeter
781 4812 966 4877 testimonia
988 4813 1203 4898 epitomarum
1232 4813 1428 4878 recensionis
1458 4813 1573 4899 prioris
1595 4813 1767 4878 lectionem
1791 4812 1902 4876 classis

243 4919 364 4985 tertiae
386 4914 468 5005 (ΙΙΙ)
497 4915 805 4998 contaminatorum,
839 4914 880 4981 de
915 4938 980 5004 qua
1011 4938 1083 4982 oum
1110 4923 1229 5004 postea
1257 4916 1420 5003 agendum
1448 4918 1506 5000 sit,
1536 4918 1615 4983 utile
1639 4917 1742 4981 visum
1766 4917 1900 4981 ostiam

243 5025 310 5090 hoo
337 5023 409 5088 loco
438 5019 600 5100 iudicare,
634 5040 711 5084 num
742 5019 784 5083 ad
811 5021 947 5086 alteram
979 5029 1086 5086 utram
1118 5023 1255 5087 classem
1278 5021 1414 5087 accedat
1436 5043 1478 5087 an
1501 5021 1542 5086 ab
1566 5029 1705 5106 utraque
1729 5020 1899 5106 discrepet.

248 5128 300 5196 0⁸
321 5128 356 5193 in
375 5126 438 5193 hoo
462 5122 599 5190 elencho
622 5121 665 5187 ad
687 5124 823 5188 classem
847 5123 881 5188 II
904 5126 1058 5202 refertum
1082 5147 1155 5191 cum
1179 5127 1406 5192 contaminatis
1430 5126 1486 5192 ubi
1508 5126 1602 5208 facit,
1623 5125 1657 5189 id
1679 5123 1900 5190 indicavimus.

888 5366 977 5433 Victa
997 5366 1110 5432 classis
1125 5368 1263 5450 primae.

451 5510 504 5584 l,1
528 5500 734 5590 deprecatur]
758 5503 927 5570 dedicatur
947 5505 972 5571 I

453 5614 508 5691 l,s
530 5604 627 5695 papa]
650 5614 744 5694 pater
764 5609 789 5674 I

454 5715 482 5811 ¹,
497 5736 523 5779 n
545 5708 724 5789 direximus
745 5733 803 5789 oon.
826 5712 851 5790 I
