4658 6576
990 430 1207 488 ΕΡΙΤΟΜΔΕ

558 602 785 659 FELIOIANA

270 729 327 774 eos
370 709 404 774 in
441 729 523 773 nave
564 710 623 774 sub
662 710 805 796 periculo
843 711 956 774 mortis
996 731 1067 775 cum

269 814 511 898 magistrianum
536 820 570 877 et
598 814 831 900 profectionum
854 812 1068 878 Heliodorum

270 924 304 980 et
328 917 546 989 Demetrium:
580 923 613 981 et
641 917 702 981 hoc
731 916 821 981 dedit
851 918 883 981 in
908 917 1069 982 mandatis

268 1021 455 1106 imperator,
478 1026 514 1084 ut
535 1021 656 1084 nullam
673 1021 837 1084 civitatem
855 1021 1066 1106 ingrederen-

271 1131 329 1188 tur.
375 1124 426 1188 Illi
449 1145 526 1188 vero
543 1124 698 1188 seoretius
720 1145 818 1209 supra
840 1126 976 1210 scriptas
1000 1127 1067 1210 cpi·

270 1229 369 1292 stolas
385 1227 461 1292 fidei
476 1227 610 1291 XVIIII
633 1249 693 1313 per
708 1249 821 1291 manus
837 1229 1068 1293 monachorum

270 1333 501 1397 catholicorum
518 1340 695 1418 posuerunt
710 1331 864 1418 epistolas
883 1352 943 1418 per
959 1353 1070 1396 omnes

271 1437 428 1500 civitates.
476 1433 566 1508 Quae
591 1443 699 1500 tamen
724 1437 881 1521 epistolae
899 1441 1069 1521 susceptae

269 1540 311 1604 ab
335 1540 495 1625 episcopis
525 1540 690 1604 civitatum
718 1540 956 1603 consentientes
979 1539 1067 1602 Ana·

269 1645 366 1708 stasio
400 1642 486 1728 Aug.
521 1643 680 1725 heretico,
717 1645 832 1706 timore
868 1662 979 1705 omnes
1013 1662 1069 1705 aas

271 1745 582 1833 Constantinopolim
600 1746 788 1811 direxerunt
801 1747 835 1809 in
850 1765 963 1808 manns
979 1744 1068 1809 Ana·

268 1851 356 1915 stasi.

268 1987 366 2053 Furia
389 1988 502 2053 duetus
524 1988 716 2052 Anastasius
739 2008 845 2073 papae
869 1985 1065 2051 Hormisdae

267 2094 351 2157 inter
374 2093 438 2157 alia
460 2114 552 2157 saera

268 2231 350 2295 haee
373 2232 510 2317 scripsit,
534 2230 657 2294 dicens:
681 2229 749 2294 Nos
772 2228 884 2292 iubere
909 2228 1065 2307 volumus,

267 2354 331 2399 non
362 2336 455 2399 nobis
483 2334 595 2398 iuberi.
649 2334 824 2398 Percussus
859 2331 967 2394 divino
1002 2332 1067 2394 ictu

269 2437 458 2502 Anastasius
473 2439 603 2503 interiit.
649 2437 792 2523 Sumpsit
805 2437 915 2521 itaque
931 2435 1066 2519 imperio

268 2542 408 2605 lustinus
425 2541 639 2616 orthodoxum
663 2549 697 2607 et
722 2542 853 2606 mittens
883 2536 925 2602 ad
953 2538 1066 2603 sedem

269 2645 480 2729 apostolicam

267 2764 308 2829 ad
331 2786 450 2851 papam
474 2763 649 2830 Hormisda
672 2766 808 2830 Gratum
838 2768 873 2827 et
898 2762 1065 2826 inlustrem

266 2870 406 2952 nomine,
431 2875 464 2933 et
486 2869 548 2933 hoc
564 2870 706 2955 speravit
722 2876 757 2932 ut
778 2868 871 2952 ligati
887 2865 1064 2951 dirigeren-

267 2979 318 3036 tur
341 2972 382 3036 ad
406 2974 519 3037 sedem
534 2973 757 3059 apostolicam,
773 2977 882 3035 tamen
899 2992 970 3035 cunr
988 2990 1062 3033 con·

266 3077 336 3141 silio
359 3078 446 3162 regis
469 3076 673 3142 Theoderici.
700 3074 703 3079 ’

263 3526 306 3591 Et
330 3525 448 3590 direxit
471 3522 668 3587 Germanum
694 3522 881 3606 episcopum
907 3518 1062 3605 Capuano

264 3638 297 3695 et
307 3630 453 3695 Iohanne
471 3628 624 3713 episcopo
644 3631 677 3689 et
689 3623 816 3689 Blando
832 3623 1013 3711 presbitero
1031 3628 1065 3687 et

263 3734 407 3799 Felicem
428 3732 599 3796 diaconum
621 3728 926 3814 sedisapostolicae
948 3733 982 3791 et
1004 3727 1062 3791 Di-

264 3859 411 3903 osoorum
436 3836 607 3900 diaconum
625 3832 710 3898 sedis
726 3834 878 3919 suscepit,
895 3852 975 3918 quos
991 3852 1061 3894 mu-

262 3944 347 4007 nitus
370 3962 414 4005 ex
437 3940 522 4004 omni
544 3944 637 4023 parte
660 3936 736 4002 fidei
759 3957 918 4001 unacum
942 3934 1062 4015 libello,

264 4042 426 4131 quomodo
455 4043 598 4108 redirent
632 4039 729 4105 Greci
763 4038 804 4104 ad
837 4039 1062 4104 communione

263 4148 349 4213 sedis
372 4148 559 4235 apostoliae.
607 4145 669 4219 Qui
685 4146 852 4208 venientes
866 4144 958 4207 iuxta
977 4140 1062 4206 Oen·

263 4251 490 4338 stantinopole,
514 4251 651 4315 occurrit
672 4249 733 4313 illis
754 4245 924 4312 multitudo
948 4266 1061 4310 mona·

263 4356 395 4419 chomm
428 4361 461 4418 et
491 4353 671 4417 inlustrium
706 4353 863 4426 virorum,
891 4349 1063 4435 inquibus

262 4459 404 4524 Iustinus
427 4459 603 4543 imperator
637 4462 671 4520 et
701 4455 885 4519 Vitalianus
908 4452 1063 4537 magister

263 4564 421 4644 militum,
450 4563 543 4625 simul
574 4581 594 4623 a
625 4559 767 4624 Castello
798 4554 952 4621 Rotundo
977 4554 1062 4641 quod

264 4665 380 4731 dieitur
401 4686 503 4752 usque
532 4665 564 4728 in
594 4664 725 4727 civitate
749 4658 1062 4744 Constantinopolim

263 4792 335 4834 oum
370 4771 474 4855 gloria
502 4773 536 4832 ot
563 4765 677 4831 laudes
713 4766 849 4850 ingressi
879 4769 969 4843 snut,
998 4783 1063 4826 una

263 4894 335 4937 cum
366 4872 468 4937 Grato
505 4872 639 4936 inlustri.
707 4868 849 4953 Ingressi
887 4868 996 4952 itaque
1030 4867 1062 4930 in

265 4977 396 5041 civitate
420 4976 562 5062 suscepti
585 4980 658 5038 sunt
675 4994 694 5036 a
709 4973 831 5037 Iustino
847 4970 933 5055 Aug.
951 4969 1062 5034 ortho-

263 5078 349 5143 doxo
387 5101 459 5144 cunr
496 5079 610 5164 gloria.
675 5076 787 5141 Omnis
816 5076 927 5159 itaque
958 5074 1063 5138 clerus

263 5181 637 5268 Constantinopolitanus
659 5201 723 5245 una
744 5200 817 5244 cum
832 5178 977 5242 Iohanne
994 5178 1062 5262 epi-

263 5308 378 5373 scopo,
404 5289 581 5352 sentientes
610 5306 649 5350 eo
674 5281 760 5370 quod
783 5290 897 5367 gratae
921 5281 1062 5367 susecpti

264 5393 336 5472 sint,
359 5392 557 5456 incluserunt
579 5409 614 5453 se
637 5389 721 5453 intra
745 5387 914 5451 ecclesiam
939 5386 1061 5449 maiore

264 5516 347 5581 quae
364 5503 497 5560 vocatur
512 5500 623 5558 saneta
639 5491 736 5571 Solia,
761 5495 793 5553 et
817 5490 950 5554 consilio
974 5489 1060 5552 laeto

263 5598 498 5663 mandaverunt
541 5595 746 5681 imperatori,
791 5591 949 5658 diceutes:
993 5590 1062 5656 Nisi

263 5702 355 5766 nobis
377 5700 505 5766 reddita
527 5699 625 5763 luerit
647 5698 740 5778 ratio,
764 5717 864 5782 quare
887 5695 1060 5760 damnatus

1411 604 1646 661 OONONIANA

1121 1987 1210 2053 Inter
1226 1989 1290 2052 alia
1305 1988 1417 2072 multa,
1434 2009 1516 2074 quae
1533 1988 1724 2053 Anastasius
1747 1989 1777 2052 oi
1793 1988 1922 2071 direxit,

1119 2228 1201 2292 haec
1224 2230 1360 2315 scripsit,
1384 2229 1509 2295 dicens:
1535 2229 1603 2293 Nos
1626 2230 1739 2295 iubere
1759 2230 1917 2312 volumus,

1119 2352 1183 2395 non
1221 2354 1279 2396 nos
1314 2333 1427 2398 iuberi.
1492 2333 1669 2398 Percussus
1709 2332 1815 2397 divino
1855 2333 1919 2396 ictu

1120 2435 1243 2500 fulmini
1266 2437 1396 2502 interiit.
1442 2436 1586 2522 Sumpsit
1616 2440 1725 2523 itaquo
1749 2436 1919 2522 imperinm

1119 2538 1260 2603 Iustinus
1276 2540 1452 2605 ortodoxns
1474 2549 1508 2605 et
1530 2542 1616 2605 misit
1639 2540 1682 2604 ad
1704 2539 1817 2605 sedem
1841 2560 1920 2625 apo-

1118 2643 1274 2709 stolieam.

1118 3194 1210 3260 Fecit
1246 3201 1357 3260 autom
1395 3216 1482 3282 papa
1519 3193 1670 3259 Ormisda
1708 3196 1740 3260 in
1780 3194 1919 3260 eeclesia

1117 3298 1266 3364 Romana
1288 3319 1348 3385 per
1370 3301 1488 3363 multas
1508 3298 1658 3362 basilicas
1674 3296 1802 3364 diversa
1824 3318 1918 3362 orna·

1117 3409 1228 3467 menta
1252 3423 1294 3467 ex
1317 3423 1395 3468 auro
1420 3410 1454 3469 et
1476 3408 1621 3488 argento.
