4658 6576
960 421 1176 478 EPITOMAE
1831 425 1890 487 24¹

528 594 751 649 FELICIANA
1380 592 1611 650 CONONIANA

282 719 368 764 xxvi.
390 698 560 780 DronrsrvS,
577 719 619 763 ex
635 699 804 782 monacho,
828 701 917 765 cuius
938 719 1040 785 gene·
1137 721 1222 767 xxvi.
1246 701 1416 777 Droursrvsr,
1440 722 1483 764 ex
1501 697 1671 778 monacho,
1687 699 1777 762 euius
1793 718 1895 782 gone-

240 804 365 867 ratione
388 802 553 887 repperire
577 824 640 866 non
663 805 836 889 potuimus,
860 803 944 868 sedit
967 825 1039 867 ann.
1093 806 1175 869 ratio
1216 804 1380 889 incognita
1417 803 1569 884 habetur,
1614 800 1698 866 sedit
1735 822 1786 865 an.
1812 800 1894 864 Vlll

240 906 288 970 Vl
311 927 411 970 mens.
443 906 477 970 ΙΙ
509 907 578 971 dies
609 908 687 972 ΙΙΙΙ.
738 907 814 972 Fuit
841 907 1041 994 temporibus
1094 930 1193 973 mens.
1228 908 1258 970 V
1306 906 1376 970 dios
1412 905 1491 971 IIII.
1569 905 1645 969 Fuit
1696 904 1896 989 temporibus

240 1009 395 1090 Gallieni,
434 1031 477 1074 ex
515 1010 566 1075 die
603 1009 654 1075 XI
692 1010 737 1076 kl.
768 1012 853 1098 Aug.
881 1010 1040 1076 Emiliano
1094 1013 1238 1093 Calieni,
1285 1031 1328 1074 ex
1372 1007 1424 1073 die
1461 1007 1511 1072 XI
1550 1009 1581 1073 k.
1612 1008 1698 1093 Aug.
1735 1007 1895 1072 Emiliano

246 1120 280 1178 ct
304 1112 408 1177 Basso
439 1114 621 1179 consolibus
649 1136 751 1201 usquo
778 1116 811 1179 in
838 1114 891 1180 die
907 1114 973 1180 VII
996 1114 1040 1178 kl.
1095 1123 1128 1182 ot
1182 1115 1284 1181 Basso
1341 1113 1523 1180 consolibus
1579 1133 1681 1198 usque
1734 1111 1801 1176 Vll
1863 1110 1895 1175 k.

241 1217 379 1297 Ianuar,
396 1238 416 1281 a
431 1218 598 1283 consolatu
614 1218 729 1284 Claudi
749 1226 783 1283 ot
801 1220 941 1283 Paterni.
978 1219 1041 1282 llio
1094 1223 1174 1301 lan,
1204 1241 1224 1284 o
1251 1219 1417 1284 consolatu
1440 1215 1555 1281 Claudi
1584 1222 1618 1281 et
1640 1215 1781 1280 Potorni.
1832 1214 1896 1279 Hic

243 1319 431 1405 presbiteris
461 1323 614 1387 ecelesias
644 1321 734 1387 dedit
763 1329 797 1388 et
819 1324 986 1410 cymiteria
1009 1329 1042 1387 et
1095 1324 1283 1411 presbiteris
1307 1323 1461 1389 ecclosias
1484 1320 1597 1385 dividit
1628 1326 1662 1384 ot
1684 1319 1840 1383 cimiteria
1864 1324 1898 1382 et

242 1423 428 1509 parrochias
466 1424 602 1490 diocesis
636 1427 808 1491 constituit.
867 1427 932 1492 Hic
966 1428 1043 1492 lecit
1096 1429 1265 1516 parochias
1289 1427 1427 1491 diocesis
1455 1424 1627 1491 constituit.
1676 1423 1740 1487 Hic
1763 1423 1840 1488 lecit

242 1541 461 1608 ordinationes

250 1664 420 1750 episcopos
435 1664 501 1729 VH
531 1687 590 1752 per
612 1669 692 1735 loca.
749 1668 903 1757 Sepultus
931 1677 981 1735 cst
1011 1671 1043 1736 in
1098 1671 1267 1756 episcopos
1290 1666 1365 1732 VII.
1425 1666 1642 1753 Sepultusqus
1673 1672 1724 1730 est
1751 1666 1784 1729 in
1807 1663 1896 1728 eimi-

242 1767 390 1833 cimitirio
414 1766 546 1852 Calesti,
1097 1775 1178 1840 torio
1202 1772 1315 1839 calisti

243 1888 276 1953 iu
297 1886 402 1953 viaA
450 1890 482 1954 ia

244 2007 293 2073 VI
308 2009 350 2074 kl.
367 1911 448 2074 la?
481 1939 523 2076 bt
546 2013 684 2077 cessavit
699 2014 905 2100 episcopatus
921 2014 990 2080 dies
1002 2015 1042 2079 V.
1097 2016 1128 2079 V
1150 2017 1182 2081 k.
1206 2015 1274 2080 Ian.
1320 2013 1468 2079 Cossavit
1491 2013 1697 2098 episcopatus
1721 2007 1791 2073 dies
1805 2005 1847 2069 V.

287 2185 384 2230 xxvn.
406 2165 514 2249 senx,
538 2168 667 2233 natione
687 2168 864 2251 Romanus,
887 2192 930 2235 err
952 2179 1043 2258 patre
1140 2191 1238 2237 xxvn.
1261 2170 1369 2250 Fenus,
1392 2170 1522 2234 natione
1542 2167 1718 2245 Romanus,
1742 2185 1784 2228 cx
1806 2167 1899 2248 patre
1996 2183 2002 2195 ·

245 2267 450 2349 Constantio,
478 2270 563 2335 sedit
589 2293 661 2336 ann.
682 2272 750 2336 llll
779 2295 879 2340 mens.
901 2275 951 2340 ΙΙΙ
975 2275 1044 2340 dies
1098 2274 1301 2353 Constantio,
1344 2272 1428 2337 sedit
1469 2294 1520 2336 an.
1544 2269 1613 2336 llll
1646 2267 1788 2334 monol
1828 2264 1899 2330 dies

245 2372 352 2437 XXV.
418 2373 573 2461 Martyria
609 2383 789 2441 coronatur.
849 2377 924 2443 Fuit
960 2386 1043 2444 tom·
1097 2378 1204 2444 XXV.
1231 2377 1385 2463 Martyria
1397 2382 1576 2441 coronatur.
1604 2373 1679 2438 Fuit
1691 2378 1800 2437 autem
1814 2376 1896 2434 tem-

246 2477 376 2561 poribus
400 2475 515 2542 Claudi
538 2486 571 2544 et
1098 2484 1229 2571 poribus
1253 2480 1369 2547 Claudi
1391 2486 1425 2545 et

246 2597 415 2679 Auriliani,
439 2619 460 2662 a
482 2600 647 2665 consolatu
670 2600 785 2667 Claudi
809 2610 843 2668 ot

247 2717 379 2783 Paterni
413 2740 515 2806 usque
549 2718 592 2785 ad
626 2723 793 2788 consulatu
821 2725 979 2790 Auriliani
1014 2733 1048 2791 ot
1099 2725 1232 2791 Paterni
1254 2743 1356 2810 usquo
1379 2721 1421 2786 ad
1444 2720 1643 2785 consolatum
1666 2714 1834 2782 Aureliani
1851 2711 1902 2778 111

248 2820 431 2908 Capitulini.
487 2823 550 2888 Hic
582 2827 747 2892 constituit
772 2849 870 2913 super
898 2832 1048 2916 sepulcra
1103 2836 1136 2895 ot
1160 2827 1408 2913 Conoapitulini.
1453 2824 1518 2889 llic
1545 2822 1709 2888 constituit
1730 2840 1828 2905 super
1850 2839 1903 2881 se-

248 2932 425 3011 martyrum
441 2927 538 2992 missa
552 2929 730 2996 celebrare.
774 2931 838 2997 Hic
862 2933 939 2999 lecit
962 2934 1046 2999 ordi·
1101 2935 1214 3021 pulcra
1248 2938 1425 3017 martyrum
1458 2929 1572 2993 missas
1606 2926 1785 2992 celebrare.
1840 2921 1904 2987 Hie

249 3029 396 3094 nati0n0⁸
419 3029 453 3095 ll
1103 3038 1181 3103 lecit
1203 3034 1421 3101 ordinationes
1445 3032 1489 3114 ll,

249 3171 308 3237 per
330 3171 430 3217 rnans.
452 3150 622 3233 Decemb,

250 3271 357 3357 presb.
373 3270 490 3352 Vllll,
514 3272 596 3339 diae.
612 3274 678 3357 III,
703 3277 872 3362 episcopos
895 3300 955 3364 per
978 3280 1050 3344 loca
1104 3278 1210 3366 presb.
1227 3274 1327 3357 Vlll,
1351 3273 1431 3339 diae.
1449 3273 1519 3353 ΙΙΙ,
1543 3274 1714 3360 episcopos
1736 3271 1795 3335 XI.
1841 3270 1905 3345 Qui

251 3374 309 3439 Xl.
353 3375 509 3463 Sepultus
531 3383 581 3444 est
603 3379 635 3443 in
658 3380 805 3444 cimitirio
828 3403 897 3464 suo,
914 3384 1049 3447 vio'Au·
1104 3389 1138 3447 et
1160 3381 1305 3466 sepultus
1335 3384 1385 3442 est
1414 3378 1446 3441 in
1477 3377 1633 3441 cimiterio
1665 3396 1737 3457 suo,
1761 3376 1813 3440 via
1835 3376 1904 3439 Au·

250 3478 332 3560 rilia,
1104 3487 1184 3567 rilia,

251 3599 386 3664 miliario
409 3602 454 3685 ll,

253 3719 448 3788 nlullan.
493 3723 536 3789 ut
552 3729 690 3793 cessavit
705 3728 910 3815 episcopatus
926 3727 995 3792 dios
1011 3726 1051 3793 V.
1104 3727 1156 3792 111
1178 3727 1211 3792 k.
1234 3726 1304 3791 Iun.
1350 3723 1498 3789 Cessavit
1520 3723 1726 3808 episcopatus
1749 3719 1819 3785 dies
1834 3720 1874 3786 V.

296 3913 404 3960 xuvrn.
428 3894 638 3981 Evrreruuvs,
673 3902 803 3966 natione
837 3901 976 3985 Tuscus,
1010 3924 1052 3969 ex
1158 3896 1495 3978 xxvrn.Flvr1ernnvs,
1526 3896 1655 3960 natione
1686 3893 1826 3975 Tuscus,
1864 3914 1905 3957 ex

253 4004 345 4084 patro
366 3998 502 4082 Marino,
1106 4010 1197 4090 patro
1221 4001 1357 4083 Marino,

1107 4126 1148 4191 de
1173 4123 1303 4189 civitate
1327 4121 1430 4202 Lune,

254 4240 339 4305 sedit
361 4261 432 4305 ann.
456 4242 473 4306 Ι
496 4242 630 4307 monol
653 4243 705 4309 dio
729 4245 755 4311 Ι.
800 4247 876 4313 Fuit
899 4250 1052 4334 tempori·
1106 4245 1191 4311 sedit
1213 4243 1297 4310 an.l
1320 4242 1453 4308 mens.l
1477 4240 1566 4307 d.lI.
1607 4241 1682 4306 Fuit
1698 4247 1807 4305 autem
1825 4245 1906 4304 tenr-

254 4345 314 4409 bns
338 4346 505 4427 Auriliani,
528 4368 548 4411 a
571 4351 737 4413 consolatu
761 4350 928 4417 Auriliano
947 4352 996 4416 ΙΙΙ
1021 4359 1054 4417 et
1107 4350 1238 4437 poribus
1256 4347 1423 4426 Auriliani,
1447 4367 1465 4409 a
1489 4347 1655 4409 consolatu
1673 4344 1839 4410 Auriliuno
1859 4341 1908 4406 ΙΙΙ

255 4447 443 4514 Marcellino
482 4472 582 4537 usquc
620 4454 652 4517 in
691 4453 777 4520 diern
815 4454 857 4520 id.
897 4456 1053 4521 Decemb.
1108 4461 1141 4520 et
1163 4452 1350 4518 Marcellino
1379 4470 1480 4535 usquo
1513 4448 1545 4511 in
1573 4448 1658 4512 diem
1683 4446 1726 4514 id.
1749 4446 1907 4511 lleconrb.

257 4551 341 4616 Care
358 4552 389 4616 ΙΙ
415 4561 448 4617 et
471 4554 588 4620 Carino
612 4559 804 4623 consolibus.
849 4559 912 4625 llic
935 4562 1053 4625 cenati·
1108 4557 1192 4622 Caro
1209 4555 1242 4619 ΙΙ
1266 4561 1300 4618 et
1323 4554 1440 4619 Carino
1464 4552 1656 4617 consolibus.
1700 4550 1764 4615 llic
1788 4549 1907 4614 eonsti-

256 4656 317 4720 tuit
339 4656 448 4742 fruges
470 4679 568 4745 super
590 4661 704 4725 altario
1109 4662 1178 4742 tuit,
1201 4665 1236 4723 ut
1259 4659 1368 4743 fruges
1391 4677 1489 4742 super
1510 4657 1612 4721 altaro

1109 4787 1232 4846 tanturn
1256 4780 1332 4844 fabe
1356 4784 1390 4843 et
1412 4799 1474 4842 uve

258 4897 417 4962 benedici.
463 4900 687 4986 llicperloea
704 4902 881 4968 CCCLXll
898 4912 1056 4991 martyros
1111 4901 1331 4967 benedicatur.
1377 4898 1441 4964 Ilie
1464 4899 1663 4984 temporibus
1691 4897 1756 4962 suis
1780 4916 1838 4981 por
1861 4893 1909 4957 di-

258 5003 416 5088 sepolivit.
460 5002 524 5068 Hic
547 5006 625 5069 lecit
648 5005 866 5074 ordinationes
881 5008 912 5072 V
1111 5028 1204 5071 vomo
1235 5005 1306 5069 loca
1330 5001 1512 5068 CCCXLll
1542 5009 1699 5088 martyros
1727 5020 1823 5065 manu
1852 5019 1910 5061 sua

1113 5110 1271 5196 sepelivit.
1316 5107 1410 5173 Fecit
1431 5105 1651 5170 ordinationes
1668 5106 1697 5169 V

258 5248 317 5312 por
338 5248 440 5293 mens.
461 5227 629 5312 Deccmb,

259 5366 367 5450 presb.
383 5366 502 5446 Xllll,
531 5368 613 5433 diac.
630 5368 670 5448 V,
694 5371 864 5456 episcopos
897 5391 956 5456 per
988 5371 1059 5434 loca
1113 5369 1221 5456 presb.
1248 5366 1366 5448 Xllll,
1404 5364 1485 5428 diac.
1507 5361 1569 5441 Vl,
1610 5361 1779 5448 episcopos
1798 5358 1912 5422 Vllll.

261 5468 372 5533 Vllll.
418 5469 480 5544 Qui
517 5478 550 5536 et
584 5474 729 5558 sepultus
764 5481 814 5539 est
845 5476 878 5539 in
911 5475 1058 5539 cimitirio
1113 5474 1331 5559 Sepultusquo
1355 5470 1459 5534 estin
1481 5465 1638 5531 cimiterio
1662 5463 1773 5528 Calisti

259 5571 391 5655 Calesti,

259 5692 313 5757 ria
333 5690 452 5781 Appia,

363 5821 440 5860 umen
457 5824 631 5863 ronrurcrns
649 5823 665 5862 r.
1673 5799 1707 5853 31
