4658 6576
458 447 521 512 256

745 611 971 673 FELIOIANA

456 720 521 786 Hic
542 720 602 785 sub
625 725 719 805 gesta
746 719 860 807 synodi
883 740 956 785 cum
976 720 1053 784 fleto
1076 718 1136 783 sub
1164 718 1257 782 satis-

457 824 598 889 factione
621 824 723 889 libelli
746 829 919 910 purgatum
938 822 1108 888 Mesenum
1132 823 1257 909 episco-

456 948 534 1013 pum
557 928 732 994 revocavit.

456 1048 521 1114 Hic
544 1049 622 1115 fecit

1179 438 1393 497 EPITOMAE

1598 612 1830 670 OONONIANA

1310 1065 1374 1131 Hic
1396 1065 1475 1131 feeit

1257 1236 1262 1245 .
1310 1187 1409 1252 libros
1421 1186 1453 1250 V
1465 1185 1620 1251 adversus
1631 1183 1662 1250 N
1663 1184 1807 1249 istorium
1821 1190 1855 1249 et
1865 1182 2018 1260 Eutioem
2033 1182 2113 1248 iecit

456 1521 730 1579 sacramentorum
758 1513 956 1599 prefationes
986 1518 1080 1577 cauto
1108 1529 1257 1575 sermone

457 1626 490 1683 ct
505 1619 659 1705 epistolas
675 1616 751 1682 fidei
767 1619 898 1682 ahmato
911 1636 1068 1681 sermone.
1104 1614 1168 1678 Hic
1181 1613 1258 1678 fecit

458 1720 676 1787 ordinationes
699 1722 751 1786 111

454 1863 514 1928 per
536 1863 637 1910 mens.
660 1842 829 1924 Decemb.,

455 1963 563 2047 presb.
578 1962 725 2045 xxxii,
750 1963 829 2028 diac.
844 1962 887 2044 Il,
912 1963 1080 2047 episcopos
1104 1980 1163 2046 per
1184 1959 1257 2023 loca

454 2066 590 2132 LXVII.
630 2066 782 2153 Sepultus
806 2073 855 2131 est
871 2065 958 2151 apud
973 2065 1107 2129 beatum
1125 2065 1256 2128 Petrum

456 2170 505 2233 XI
523 2169 587 2235 kal.
605 2170 763 2234 Decemb.
802 2167 950 2233 Cessavit
966 2171 1171 2255 episcopatus
1187 2166 1257 2231 dles

453 2273 528 2338 VII.

506 2434 556 2478 an.
578 2410 788 2492 Asusamus,
827 2411 956 2474 natione
995 2409 1177 2490 Romanus,
1214 2427 1256 2471 ex

453 2521 546 2601 patra
581 2515 699 2594 Petro,
734 2513 818 2578 sedit
852 2513 957 2578 ann.I
989 2512 1156 2578 meusXI
1186 2510 1256 2575 dics

453 2618 633 2686 XXXIIII.

458 3270 522 3334 IIic
545 3270 622 3334 fecit
645 3269 880 3335 ordinationem
903 3270 920 3333 I

459 3412 517 3476 per
539 3410 641 3454 mens.
664 3390 832 3473 Decemb.,

459 3510 567 3596 presb.
583 3510 660 3593 XII,
684 3513 854 3597 episcopos
876 3532 935 3596 per
957 3511 1029 3574 loca
1042 3507 1152 3573 v1111.
1197 3505 1256 3569 Se-

457 3614 567 3701 pultus
591 3620 641 3677 est
663 3612 750 3699 apud
773 3614 904 3677 boatum
928 3614 1061 3677 Petrum

456 3735 489 3799 iu
505 3734 698 3799 Vaticanum

457 3854 525 3919 XII
540 3855 605 3923 kal.
621 3854 779 3919 Decemb.
824 3853 868 3917 Et
890 3853 1028 3918 cessavit
1051 3854 1258 3938 episcopatus

457 3957 526 4024 dies
542 3959 599 4023 VI.

501 4135 562 4179 arn.
587 4113 782 4192 Salsamenta,
805 4114 934 4177 natione
951 4110 1081 4192 Sardus,
1106 4131 1148 4174 ox
1165 4114 1256 4196 patre

456 4215 652 4299 Fortunato,
687 4215 771 4280 sedit
800 4238 872 4282 ann.
889 4215 953 4279 XV
975 4235 1076 4279 mens.
1093 4213 1158 4277 VII
1189 4212 1257 4277 dles

456 4320 614 4385 XXXVI.
659 4318 723 4383 Ilio
752 4320 811 4383 luit
842 4319 1040 4405 temporibus
1063 4316 1258 4383 'Ihcodorici

457 4424 592 4487 heretici
616 4429 649 4487 et
671 4422 823 4487 Anastasi

455 4544 638 4609 Euthiciaui

455 4663 541 4749 Aug.
585 4664 649 4729 IIic
671 4665 791 4729 amavit
813 4664 934 4728 clerum
958 4670 992 4728 ot
1013 4685 1185 4750 pauperes,

455 4786 570 4869 bonus,
593 4784 744 4872 prudens,
767 4786 935 4867 humanus,
959 4787 1135 4870 gratiosum

457 4913 586 4972 etcum
610 4928 649 4971 eo
675 4905 840 4971 ordinatur
853 4907 1047 4973 Laurentius
1067 4907 1127 4971 sub
1151 4908 1254 4972 inten-
1279 4974 1282 4993 ¹

454 5011 542 5074 tione
566 5011 747 5097 episcopus.

453 5130 504 5194 Ex
533 5151 597 5216 qua
620 5152 717 5195 causa
747 5136 899 5218 separata
926 5132 1035 5218 aliqua
1062 5151 1137 5217 pars
1160 5133 1254 5197 cleri-

454 5254 565 5298 corum
580 5235 632 5299 vel
647 5241 841 5318 senatorum,
864 5236 918 5299 alii
935 5256 1006 5299 curn
1024 5234 1253 5321 Symmachum

454 5344 487 5402 et
510 5339 565 5402 alii
587 5358 658 5402 cunr
682 5338 903 5403 Laurentium.

452 5457 496 5522 Et
518 5459 604 5522 iacta
626 5460 804 5524 intentione
828 5460 889 5523 hoc
912 5461 1148 5525 constituerunt

451 5580 584 5664 pariter,

450 5708 487 5764 ut
514 5700 611 5764 ambo
634 5699 823 5766 Ravennam
855 5708 1005 5788 peterent
1037 5700 1079 5765 ad
1104 5700 1251 5767 iuditium

1311 1296 1345 1354 et
1367 1290 1504 1376 hymnos
1534 1289 1567 1353 iu
1588 1287 1687 1354 modo
1709 1288 1799 1352 beati
1820 1288 2003 1364 Ambrosii;
2034 1288 2113 1352 fecit

1311 1401 1345 1459 et
1367 1394 1447 1460 duos
1469 1395 1569 1460 libros
1592 1391 1746 1464 advorsus
1768 1392 1909 1475 Arrium,
1932 1391 2009 1457 fecit
2032 1398 2067 1457 et

1309 1520 1583 1581 sacramentorum
1612 1514 1811 1600 prefationes
1840 1518 1934 1578 cauto
1957 1532 2109 1577 sermone

1311 1624 1344 1683 et
1356 1619 1510 1704 epistolas
1522 1617 1598 1682 fidei
1610 1616 1763 1682 defimato
1774 1637 1933 1681 sermone.
1956 1616 2112 1682 Hiciecit

1310 1721 1527 1787 ordinationes
1549 1722 1593 1804 ΙΙ,

1310 1963 1416 2048 presb.
1433 1961 1578 2044 XXXII,
1603 1961 1685 2027 diac.
1706 1960 1752 2041 II,
1776 1962 1947 2047 episcopos
1969 1959 2107 2027 LXVII.

1310 2064 1374 2138 Qui
1389 2066 1488 2130 etiam
1504 2066 1650 2150 sepultus
1667 2071 1717 2128 est
1729 2063 1817 2150 apud
1829 2065 1961 2128 beatum
1973 2064 2111 2130 Petrum

1309 2169 1358 2232 XI
1380 2170 1412 2233 k.
1436 2169 1594 2235 Decemb.
1639 2167 1787 2233 Cessavit
1810 2169 2018 2255 episcopatus
2042 2169 2111 2234 dies

1310 2272 1384 2337 VII.

1363 2431 1413 2475 an.
1435 2409 1643 2490 mnsnsrvs,
1678 2410 1811 2474 natione
1848 2408 2030 2492 Romanus,
2068 2430 2111 2474 ex

1308 2520 1400 2600 patre
1436 2514 1551 2595 Petro,
1592 2512 1677 2577 sedit
1710 2513 1802 2580 an.I
1835 2533 1936 2578 meus.
1956 2513 2008 2578 XI
2041 2513 2112 2578 dics

1308 2616 1452 2682 XXIIII.

1308 2737 1372 2802 Hic
1395 2738 1472 2802 fecit
1487 2737 1687 2802 confessione
1704 2737 1793 2802 beati
1809 2738 1973 2802 Laurenti.
2018 2734 2106 2801 Huic

1310 2842 1414 2906 clerus
1448 2848 1482 2906 et
1515 2841 1688 2927 presbiteri
1717 2842 1810 2906 multi
1833 2861 1868 2906 se
1892 2846 2067 2926 eregerunt
2091 2861 2112 2904 a

1308 2945 1549 3026 communione,
1572 2964 1611 3008 eo
1635 2944 1722 3029 quod
1750 2946 2017 3010 communicasset
2039 2943 2110 3007 sine

1309 3049 1440 3113 consilio
1465 3068 1576 3113 eorum
1600 3046 1735 3113 diacono
1764 3048 2028 3114 Thesalouicensi
2050 3066 2110 3111 no·

1308 3173 1383 3215 men
1405 3152 1534 3220 Futino.

1309 3270 1374 3337 Hic
1396 3272 1473 3337 fecit
1495 3272 1731 3339 ordinationem
1753 3273 1781 3356 1,

1310 3513 1418 3597 presb.
1446 3513 1513 3596 XI,
1547 3515 1718 3601 episcopos
1742 3512 1835 3577 VIII.
1892 3512 2112 3598 sepultusque

1311 3622 1361 3679 est
1383 3615 1426 3679 ad
1447 3616 1581 3682 beatum
1603 3617 1738 3681 Petrum

1309 3858 1395 3922 XIII
1428 3859 1461 3925 k.
1492 3856 1650 3923 Decemb.
1720 3856 1868 3922 Cessavit
1905 3858 2112 3944 episcopatus

1310 3962 1379 4027 dies
1395 3961 1453 4025 Vl.

1353 4137 1413 4182 aur.
1437 4115 1633 4195 Srurracuvs,
1653 4117 1783 4180 natione
1806 4114 1936 4197 Sardus,
1958 4136 2000 4180 ex
2016 4121 2111 4202 patre

1309 4220 1504 4301 Fortunata,
1539 4216 1623 4283 sedit
1657 4240 1708 4284 an.
1731 4219 1797 4284 XV
1829 4240 1929 4284 mens.
1956 4219 2005 4285 VI
2041 4220 2113 4285 dies

1311 4323 1452 4388 XXVII.
1508 4321 1571 4386 IIio
1601 4323 1661 4386 fuit
1686 4322 1886 4408 temporibus
1915 4322 2110 4391 Theoderici

1310 4428 1444 4492 heretici
1468 4434 1501 4491 et
1522 4425 1687 4490 Anastasii

1308 4669 1393 4755 Aug.
1438 4668 1502 4733 Hic
1524 4669 1645 4733 amavit
1667 4668 1753 4733 clero
1777 4673 1811 4732 et
1832 4689 2011 4756 pauperes;

1309 4918 1436 4974 etcum
1460 4928 1500 4972 eo
1524 4908 1690 4974 ordinatur
1704 4910 1898 4975 Laurentius
1917 4912 1976 4976 suh
2000 4912 2109 4977 inteu-

1279 5006 1282 5045 ³
1308 5015 1395 5078 tlone
1419 5012 1634 5098 episcopatus.

1307 5461 1350 5525 lat
1373 5462 1457 5525 iacta
1479 5462 1657 5526 intentione
1684 5462 1745 5527 hoc
1769 5464 2013 5545 constituerunt,

1307 5711 1342 5767 ut
1365 5702 1461 5767 ambo
1479 5701 1668 5768 Ravennam
1690 5714 1866 5790 pergerent
1889 5705 1930 5771 ad
1953 5708 2111 5775 iudicium
