4658 6576
336 410 413 468 LXII
1025 411 1312 472 secundumn.

336 585 426 650 tandi
447 586 540 672 leges
562 587 728 664 vacillant;
757 588 906 653 sollemni
927 608 988 653 usu
1009 609 1083 654 cum
1105 593 1253 674 tempora
1280 588 1491 650 numerentur
1517 606 1577 674 per
1602 607 1703 652 annos
1732 593 1768 652 et
1787 607 1933 671 menses,
1956 594 1993 652 ut

335 688 414 754 fiant
442 711 462 755 a
482 690 557 755 Mai.
578 696 615 756 15
638 691 679 756 ad
702 689 799 756 lull
822 712 864 759 m.
885 697 899 756 1
916 689 1008 778 (Mai.
1027 690 1202 756 15-11111.
1222 687 1275 775 14)
1299 687 1330 753 d.
1346 691 1387 753 20
1411 689 1496 774 (Iun.
1516 689 1891 777 15-30†Iu1.1-4),
1915 711 1990 778 pos·

335 799 409 857 aunt
444 794 522 859 item
558 800 708 881 tempora
745 795 908 860 numerari
946 815 1006 881 per
1040 793 1109 860 dies
1145 793 1232 858 solos
1268 794 1307 855 17
1340 790 1431 879 (Mai.
1462 792 1601 878 15-31)
1633 797 1670 879 ·)-
1705 799 1747 861 30
1777 793 1877 881 (Ιιιιι.)
1909 799 1944 877 †
1971 800 1990 859 4

336 896 411 982 (lul.
432 900 525 984 1—4)
549 932 589 954 =
615 905 666 966 51.
689 937 731 947 -
753 899 831 986 lpsa
852 899 1022 965 intervalla
1043 901 1072 964 si
1093 898 1289 964 haberemus
1311 902 1401 963 recte
1424 896 1545 962 tradita
1566 897 1613 962 ita
1635 903 1672 962 ut
1692 899 1799 984 spatia
1820 899 1990 981 habemus,

336 1022 535 1089 magnopere
558 1002 800 1090 chronologiam
822 1003 1027 1080 adiuvarent;
1050 1024 1125 1068 nam
1149 1002 1219 1068 dies
1234 1000 1473 1088 depositionum
1494 1022 1615 1088 magna
1638 1009 1796 1089 exparte
1819 1010 1876 1068 aut
1897 1004 1990 1089 igno-

334 1111 445 1170 rantur
460 1112 517 1171 aut
533 1113 668 1192 possunt
689 1113 778 1172 certe
800 1109 833 1173 in
857 1107 1092 1173 dubitationem
1114 1107 1223 1173 vocari
1247 1105 1297 1190 (ut
1316 1106 1350 1170 in
1366 1104 1530 1171 Bonifatio
1545 1105 1596 1171 IV
1611 1105 1764 1173 detineto
1787 1127 1816 1173 a.
1833 1112 1896 1173 615
1920 1108 1990 1194 epi-

334 1208 480 1294 taphium
503 1209 591 1296 quod
613 1216 706 1275 extat
728 1210 814 1276 diem
837 1211 939 1276 habet
963 1233 983 1276 a
1004 1210 1188 1277 Pontificali
1210 1207 1399 1295 diversum).
1445 1208 1512 1275 Sed
1535 1229 1731 1296 quamquam
1752 1210 1786 1275 in
1807 1210 1992 1277 Pontifieali

333 1313 505 1378 intervalla
531 1315 586 1378 vix
613 1314 679 1379 ullo
705 1315 777 1379 loco
805 1314 923 1380 desunt
942 1335 1050 1401 neque
1073 1314 1147 1380 libri
1175 1315 1207 1378 in
1229 1313 1269 1378 iis
1291 1332 1491 1399 magnopere
1516 1313 1657 1396 variant,
1688 1314 1743 1400 qui
1771 1315 1818 1380 ibi
1839 1316 1991 1401 leguntur

334 1417 460 1482 numeri
481 1438 547 1482 non
569 1419 672 1482 solum
695 1439 755 1504 per
777 1438 818 1483 ea
840 1424 988 1505 tempora
1009 1417 1118 1483 ficticii
1139 1423 1224 1501 aunt,
1246 1417 1303 1482 ubi
1324 1417 1437 1504 spatiis
1453 1436 1583 1503 quoque
1606 1417 1689 1483 fides
1712 1419 1908 1505 abneganda
1930 1425 1990 1502 est,

335 1518 393 1583 sed
416 1521 515 1584 etiam
537 1526 667 1607 postea,
690 1521 747 1586 ubi
767 1521 850 1587 haee
872 1523 905 1587 in
926 1523 1112 1587 universum
1136 1541 1216 1588 vera
1238 1526 1328 1604 sunt,
1351 1526 1486 1595 manent
1507 1522 1749 1598 commenticia;
1778 1529 1867 1588 certe
1890 1524 1989 1588 inter-

334 1623 419 1687 valla
449 1644 533 1710 quae
564 1645 606 1688 ex
639 1624 745 1690 indice
780 1625 954 1691 Liberiano
989 1625 1186 1708 efficiuntur,
1216 1629 1329 1689 auctor
1360 1623 1435 1689 libri
1460 1610 1659 1689 Pontifiealis
1686 1626 1845 1691 incuriose
1868 1627 1992 1713 sprevit

334 1728 475 1792 numeris
498 1728 677 1792 substitutis
699 1729 769 1793 sine
791 1727 890 1794 dubio
912 1727 1012 1812 falsis,
1035 1730 1326 1814 continuanturque
1350 1727 1450 1792 etiam
1471 1732 1548 1815 post
1560 1727 1727 1793 Liberium
1745 1730 1916 1796 intervalla
1931 1730 1988 1795 fic-

334 1830 419 1912 ticia,
442 1836 478 1894 ut
500 1830 595 1895 sedes
612 1830 727 1896 dicitur
748 1833 915 1897 vacavisse
937 1853 999 1920 per
1021 1832 1091 1898 dies
1114 1835 1155 1898 38
1182 1836 1258 1919 post
1278 1829 1424 1896 Felicem
1446 1830 1482 1895 H
1507 1830 1699 1919 (XXXVII)
1722 1832 1846 1898 Liberii
1867 1834 1992 1899 scilieet

333 1953 564 2018 successorem,
588 1929 685 2020 quem
706 1936 777 2022 ipse
800 1935 884 2001 liber
906 1937 970 2002 alio
994 1937 1066 2002 loco
1090 1937 1136 2002 ait
1158 1935 1277 2001 obiisse
1300 1940 1376 2000 ante
1391 1933 1575 2011 Liberium3
1596 1936 1677 2001 item
1692 1942 1768 2023 post
1781 1937 1922 2023 Xystum
1937 1937 1990 2003 ΙΠ

334 2035 475 2125 (XLVI)
491 2041 697 2105 intervallum
721 2039 894 2106 adnotatur
917 2041 1042 2107 dierum
1065 2043 1116 2124 22,
1139 2061 1213 2106 cum
1236 2045 1364 2105 constet
1385 2059 1429 2105 ex
1450 2040 1635 2106 testimonio
1658 2041 1822 2127 scriptoris
1844 2042 1990 2127 aequalia

333 2140 480 2207 Leonem
508 2144 538 2208 ei
561 2146 754 2209 successisse
777 2153 854 2233 post
876 2145 946 2212 dies
969 2146 1107 2232 amplius
1128 2149 1181 2211 40.
1225 2143 1257 2209 A
1279 2144 1392 2210 Leone
1421 2142 1497 2209 inde
1521 2145 1625 2232 primo
1648 2144 1691 2210 ad
1713 2147 1835 2212 saeculi
1858 2146 1988 2232 septimi

334 2247 505 2334 episcopos
528 2249 650 2334 primos
672 2251 742 2315 veri
763 2251 889 2316 numeri
910 2256 947 2316 ut
969 2251 1141 2337 aliquoties
1164 2249 1295 2329 adsunt,
1316 2248 1364 2314 its
1385 2269 1450 2313 non
1473 2248 1590 2314 desunt
1613 2250 1711 2315 errati
1737 2251 1836 2315 etiam
1858 2251 1987 2336 gravio-

332 2371 400 2432 res,
423 2358 459 2415 ut
480 2358 555 2438 post
569 2353 725 2438 Vigilium
748 2352 868 2440 (LXI),
890 2354 1062 2442 Pelagium
1083 2355 1101 2420 1
1124 2354 1264 2441 (LXII),
1294 2353 1548 2419 Benedictuml
1576 2353 1731 2439 (LXIV),
1754 2354 1947 2440 Gregorium
1969 2353 1988 2418 Ι

333 2454 490 2541 (LXVI);
514 2456 556 2523 ab
578 2456 725 2522 Honorio
750 2457 905 2544 (LXXII)
930 2458 1061 2524 demum
1092 2458 1263 2523 intervalla
1293 2458 1340 2522 ita
1362 2456 1535 2523 decurrunt
1557 2459 1670 2544 spatiis
1692 2478 1851 2545 congrua,
1873 2464 1911 2522 ut
1940 2457 1989 2522 di-

332 2560 503 2624 versitates
523 2581 582 2647 per
603 2562 755 2627 minutias
776 2562 859 2645 illas,
883 2561 925 2628 de
949 2563 1065 2649 quibus
1086 2567 1186 2627 antea
1207 2562 1327 2645 monui,
1350 2563 1428 2628 satis
1451 2562 1663 2649 explicentur.
1686 2601 1727 2612 —
1750 2563 1867 2649 Itaque
1889 2563 1989 2626 inter·

332 2664 489 2729 vallorum
512 2667 638 2731 numeri
659 2667 692 2731 in
714 2666 831 2732 librum
853 2667 1077 2732 Pontilioalem
1099 2687 1165 2731 non
1187 2672 1262 2731 sunt
1282 2666 1378 2730 relati
1400 2685 1444 2732 ex
1466 2667 1704 2753 computatione
1728 2668 1855 2734 curiosa
1877 2671 1990 2752 aptata

331 2767 375 2832 ad
400 2771 505 2855 spatia
532 2771 757 2857 episcoporum
784 2770 860 2836 inde
890 2792 910 2836 a
939 2770 1060 2837 saeculi
1098 2771 1204 2856 quarti
1237 2770 1393 2857 principio
1427 2771 1506 2835 satis
1539 2775 1628 2836 certo
1662 2776 1753 2853 nota,
1787 2791 1848 2836 nec
1882 2770 1986 2855 magis

332 2870 534 2937 descendunt
557 2894 600 2938 ex
622 2875 777 2939 laterculo
802 2896 875 2941 oum
888 2875 999 2941 Indice
1023 2895 1120 2961 quem
1143 2875 1280 2962 sculptor
1301 2872 1449 2939 adhibuit
1471 2875 1663 2939 auctoritate
1680 2880 1715 2940 et
1729 2874 1875 2940 bonitate
1898 2893 1988 2938 com-

329 2975 485 3064 parando,
509 2976 568 3042 sed
590 2983 626 3042 ut
647 2998 713 3042 non
734 2999 808 3043 raro
829 2999 926 3044 veros
947 2998 1100 3044 numeros
1122 2978 1246 3044 habent
1273 2978 1439 3065 profectos
1461 2977 1504 3043 ab
1524 2978 1709 3043 auctoribus
1734 2978 1835 3060 bonis,
1858 2978 1904 3041 ita
1927 2997 1985 3041 ae·

332 3080 473 3166 qualium
507 3080 674 3146 hominum
707 3081 949 3147 adnotationem
977 3087 1171 3169 perpetuam
1198 3102 1264 3146 non
1295 3101 1375 3168 prae
1408 3102 1444 3146 se
1478 3081 1585 3147 ferunt
1612 3083 1673 3147 nisi
1700 3081 1776 3146 inde
1811 3103 1832 3146 a
1866 3080 1988 3147 saeculi

331 3186 459 3270 septimi
490 3183 646 3250 decennio
676 3186 783 3252 tertio.
837 3183 1053 3251 confirmatur
1078 3186 1125 3250 ita
1156 3184 1244 3270 quod
1273 3206 1371 3272 supra
1397 3189 1444 3272 (p.
1460 3183 1592 3270 XVIII)
1627 3186 1722 3272 posui
1753 3184 1826 3249 libri
1855 3184 1988 3249 Pontifi-

331 3287 410 3353 calis
446 3289 603 3374 originem
633 3309 699 3353 non
730 3295 819 3354 recte
842 3289 955 3355 referri
977 3288 1020 3354 ad
1042 3294 1185 3354 aetatem
1209 3287 1516 3372 Theodericianam,
1539 3288 1600 3353 sed
1620 3290 1717 3355 scribi
1739 3294 1891 3376 coeptum
1916 3308 1988 3353 esse

331 3398 406 3479 post
428 3392 623 3478 Gregorium
646 3393 794 3478 primum.
934 3427 938 3440 ι

847 4110 1081 4208 CAPVT
1121 4111 1468 4224 QVARTVM.

516 4322 856 4390 DEPOSITIONVII
879 4321 1200 4390 EPISOOPORVII
1221 4320 1512 4388 ROMANORVM
1532 4318 1801 4387 taunucum.

435 4461 702 4548 Disquisitionem
724 4460 765 4526 de
785 4462 940 4548 sepulcris
955 4461 1183 4547 episcoporum
1198 4459 1420 4525 Romanorum
1442 4459 1508 4524 late
1531 4464 1698 4546 patentem
1722 4467 1757 4526 et
1778 4458 1820 4525 ad
1843 4459 1987 4547 ipsorum

332 4565 451 4632 rudera
481 4587 546 4631 non
577 4567 682 4632 minus
709 4586 805 4653 quam
832 4566 876 4631 ad
902 4566 1038 4654 scriptos
1066 4563 1166 4630 libros
1194 4562 1391 4650 exigendam
1420 4584 1527 4650 neque
1555 4564 1583 4627 is
1612 4585 1683 4628 sum
1712 4563 1767 4650 qui
1789 4569 1986 4651 pertractem

332 4691 439 4757 neque
472 4671 525 4737 hie
557 4670 648 4737 locus
680 4671 711 4736 ei
738 4669 988 4758 pertractandae
1016 4676 1111 4757 aptus
1143 4674 1202 4733 est.
1252 4667 1320 4733 Sed
1341 4668 1465 4755 placuit
1487 4668 1623 4732 vitarum
1653 4667 1780 4754 corpori
1810 4667 1988 4753 adiungere

332 4774 507 4839 laterculos
541 4773 584 4839 ad
616 4774 765 4863 sepulcra
796 4793 837 4840 ea
867 4774 1068 4861 pertinentes
1096 4771 1194 4856 duos,
1224 4771 1362 4837 alterum
1392 4771 1537 4836 locorum
1566 4771 1599 4836 in
1629 4770 1793 4836 codicibus
1824 4770 1987 4853 traditum,

333 4879 485 4964 quoniam
513 4876 657 4943 tabulam
685 4879 760 4944 huic
783 4878 979 4944 simillimam
1001 4877 1075 4943 libri
1096 4876 1296 4942 Pontificalis
1318 4876 1454 4963 scriptor
1475 4874 1604 4941 ridetur
1625 4873 1827 4951 adhibuisse;
1850 4876 1988 4941 alterum

333 4980 458 5046 dierum
487 5000 531 5046 ex
561 4981 633 5045 ritis
661 5001 681 5045 a
708 4981 801 5047 nobis
828 4981 923 5047 editis
947 4987 1147 5067 excerptum,
1171 4981 1322 5067 quoniam
1345 4977 1388 5044 ad
1410 4979 1677 5066 interpolationes
1700 4978 1852 5043 classium
1877 4977 1986 5045 diver-

332 5104 441 5149 sarum
468 5082 705 5171 dignoscendas
731 5084 811 5150 utile
841 5091 982 5150 estune
1015 5088 1191 5171 conspectu
1220 5082 1289 5148 dies
1321 5082 1381 5147 hos
1408 5080 1640 5170 comprehendi
1662 5083 1837 5148 collocatos
1859 5081 1929 5148 iere
1954 5082 1988 5147 in

332 5188 471 5254 vitarum
494 5193 587 5275 parte
611 5195 769 5256 extrema.

897 5426 923 5494 L
944 5425 1052 5494 LOOI
1071 5423 1421 5494 DEPOSI'I'IONVM.

438 5564 670 5653 Depositiones
698 5565 923 5653 episcoporum
945 5565 1167 5633 Romanorum
1194 5585 1215 5630 a
1240 5565 1341 5631 Petro
1371 5563 1413 5629 ad
1443 5563 1634 5630 Zachariam
1657 5562 1694 5650 (†
1718 5562 1795 5650 752)
1819 5564 1988 5631 ordinatae

335 5668 378 5734 ad
398 5669 471 5735 loca
493 5670 645 5756 leguntur
667 5669 697 5733 in
721 5669 812 5735 libris
835 5669 970 5751 duobus,
995 5670 1037 5735 de
1061 5670 1178 5756 quibus
1200 5669 1284 5734 infra
1304 5671 1337 5734 in
1362 5668 1507 5735 ecdicum
1531 5688 1666 5735 recensu
1689 5668 1823 5754 dIcehsr,
1839 5669 1988 5738 Parisino
