4658 6576
1026 409 1310 468 PROLEGOMENA.
1925 424 1995 480 xm

446 580 1054 663 e.111ei1eoeealoecre;eeree
1079 584 1994 676 acumetwnequeaaeeoaeuusaeqcecae

548 686 632 750 cites
652 705 805 767 quemque
827 685 919 752 hebet
939 687 997 766 Et,
1019 690 1105 753 venit
1125 710 1147 754 a
1169 689 1301 757 librario
1322 693 1434 773 ἱρείας.

446 791 575 872 epitom
596 789 766 855 Feliciones
788 789 882 856 titulo
903 798 1000 860 caret.

446 895 597 976 epitonsae
622 894 825 959 &maenae
840 896 1091 976 prosector.-
1113 898 1193 963 ordo
1216 900 1442 988 episcoporum
1464 901 1602 972 Romae.

343 1016 476 1082 Subicci
495 1017 730 1081 intitulationes
751 1015 905 1081 librorum
925 998 1126 1103 quorundam
1143 1017 1339 1085 deteriorum
1363 1023 1431 1087 sine
1455 1022 1553 1090 dnbio
1576 1045 1597 1088 a
1617 1025 1756 1090 librariis
1775 1029 1992 1113 excogitatas:

445 1127 513 1194 21²:
535 1129 703 1214 catalogue
725 1128 974 1215 apostolicorum
996 1128 1132 1193 Damasi
1153 1128 1196 1193 ad
1217 1129 1445 1199 Hieronimum
1462 1140 1537 1216 post
1559 1135 1722 1217 qemun

445 1234 512 1298 At:
534 1239 629 1319 gesta
650 1232 848 1318 pontificum.

446 1337 488 1421 Q:
510 1343 605 1423 gesta
626 1337 797 1402 beatorum
819 1336 1040 1401 Romanorum
1069 1337 1255 1422 pontificum
1279 1360 1298 1402 a
1321 1340 1509 1407 beatissimo
1531 1342 1676 1409 Damaso
1703 1364 1791 1430 papa
1813 1346 1994 1430 conscripta

445 1495 451 1507 .
547 1462 590 1506 ex
612 1447 728 1526 rogatu
749 1440 903 1506 leronimi
925 1440 1097 1527 presbiteri
1118 1442 1156 1505 in
1175 1443 1240 1523 fine
1260 1445 1410 1512 eitonam.

445 1545 508 1610 E‘:
530 1546 681 1611 chronica
703 1545 900 1632 pontificum.

448 1646 489 1713 0²
510 1654 585 1713 ente
606 1649 775 1731 walae:
798 1649 948 1736 capitula.
983 1648 1062 1712 ordo
1080 1649 1305 1736 episcoporum
1322 1651 1409 1717 sedis
1425 1654 1623 1740 apostolieae
1639 1656 1808 1721 Romanae
1825 1655 1993 1737 ecclesiae,

547 1758 621 1817 ente
641 1755 742 1817 citas:
765 1753 845 1818 ordo
868 1773 897 1817 e.
915 1775 939 1817 s.
956 1773 985 1818 a.
1009 1760 1140 1818 sanctae
1164 1755 1322 1820 ecclesiae
1343 1755 1513 1823 Romanae
1534 1758 1715 1825 beatissimi
1737 1759 1890 1845 principis
1912 1777 1993 1843 apo-

546 1857 702 1922 stolorum
724 1858 815 1923 Petri
836 1857 878 1922 ab
900 1858 971 1943 ipso
994 1857 1177 1924 inchoante.

444 1958 504 2023 1²¹.-
526 1960 682 2047 incipiunt
704 1962 847 2047 capitula
868 1967 943 2025 cate
964 1962 1057 2025 vites.

442 2064 580 2129 recessio
605 2062 776 2128 Guidermi
796 2061 918 2146 (Dect.
933 2063 957 2124 2
972 2084 1008 2144 p.
1027 2062 1097 2127 XX
1103 2062 1161 2147 V):
1188 2066 1288 2130 series
1311 2067 1499 2153 pontificum
1521 2067 1743 2133 Romanorum
1774 2069 1828 2154 qui
1858 2069 1890 2132 in
1913 2067 1992 2133 sede

546 2167 636 2233 beati
658 2167 748 2233 Petri
770 2187 871 2253 nsque
895 2166 937 2231 ad
960 2166 1022 2230 hoc
1045 2173 1173 2253 tempus
1196 2168 1360 2234 sederunt.

443 2272 634 2336 recessionis
657 2271 763 2353 factae
790 2271 848 2335 aab
870 2270 1018 2334 Martiae
1037 2269 1068 2334 V
1086 2271 1122 2356 (†
1150 2271 1246 2357 1431)
1271 2273 1433 2355 praefatio
1458 2274 1573 2355 inopie
1598 2275 1662 2339 eie:
1690 2274 1773 2340 liber
1799 2277 1860 2339 iste
1882 2274 1993 2339 intitu-

545 2375 631 2440 latur
652 2376 814 2440 Damasus
837 2373 878 2439 de
901 2375 1002 2460 gestis
1024 2374 1222 2460 pontificum.

443 2495 621 2562 Auctorem
636 2498 846 2563 vetustiorem
863 2497 917 2582 qui
932 2495 1049 2560 librum
1064 2497 1253 2561 nominatim
1269 2498 1347 2562 citet
1366 2498 1526 2563 babemus
1541 2500 1672 2564 nullum.
1707 2500 1746 2564 Iu
1761 2500 1994 2585 martyrologio

340 2599 428 2685 quod
451 2601 511 2666 snb
526 2599 640 2667 Bedae
664 2603 792 2666 nomine
816 2601 917 2665 fertur
933 2600 974 2665 ad
989 2599 1073 2664 VIII
1096 2600 1139 2666 id.
1154 2601 1240 2687 Aug.
1258 2600 1346 2686 (vide
1365 2623 1396 2688 p.
1409 2601 1465 2688 34)
1488 2602 1661 2668 laudantur
1677 2609 1765 2686 peste
1777 2603 1994 2685 pontificalem

338 2703 399 2768 sub
430 2704 546 2770 eodem
573 2705 667 2770 titulo
694 2705 778 2771 liber
806 2704 978 2791 adlegatur
1005 2726 1026 2768 a
1047 2725 1136 2791 papa
1157 2703 1293 2770 Nicolao
1317 2706 1333 2769 Ι
1355 2707 1388 2770 in
1412 2708 1550 2793 epistula
1576 2710 1696 2794 scripta
1717 2729 1747 2774 a.
1764 2711 1827 2774 858
1852 2706 1898 2794 (p.
1915 2707 1994 2793 216)

339 2814 374 2872 et
395 2829 414 2872 a
436 2808 578 2874 Rodullo
600 2809 756 2876 Fuldensi
779 2811 815 2896 (†
838 2807 917 2896 865)
941 2816 974 2873 et
996 2808 1038 2873 ab
1061 2808 1239 2874 Hincmaro
1261 2809 1418 2875 Remensi
1441 2814 1476 2893 (†
1492 2813 1578 2894 882),
1602 2831 1797 2897 quamquam
1820 2810 1872 2876 hie
1895 2813 1993 2876 etiam

338 2911 414 2976 libri
436 2914 489 2984 vel
510 2914 629 2979 codicia
651 2912 836 2994 episcopalia
851 2914 943 2977 titulo
966 2914 1066 2978 utitur
1089 2912 1176 2995 (vide
1191 2913 1276 2978 infra
1290 2915 1375 2980 inter
1390 2914 1572 3000 excerpta).
1605 2914 1713 2980 Etiam
1736 2914 1881 2980 codicum
1904 2921 1993 2980 cata-

337 3016 405 3102 logi
432 3019 630 3104 antiquiores
656 3018 712 3083 nbi
739 3017 856 3082 librum
885 3023 1072 3099 recensent,
1107 3024 1230 3104 ponunt
1255 3023 1342 3100 peste
1365 3020 1557 3100 poestifieum
1585 3018 1802 3084 Romanorum
1829 3018 1882 3084 vel
1909 3025 1997 3101 peste

331 3120 523 3200 pontificum
544 3121 630 3186 nude
653 3120 797 3207 (Becker
820 3122 960 3207 catalogi
983 3120 1253 3187 bibliothecarum
1277 3123 1436 3208 antiqui8
1458 3145 1489 3187 n.
1511 3127 1586 3198 105;
1614 3126 1651 3187 12
1674 3144 1705 3189 n.
1725 3127 1781 3193 17:
1804 3127 1846 3187 22
1867 3144 1898 3188 n.
1917 3126 1995 3194 225:

338 3227 379 3288 37
402 3244 432 3288 n.
449 3226 514 3307 85).

438 3346 556 3434 ltaque
580 3355 693 3413 auctor
714 3348 796 3413 libro
820 3349 947 3412 titulum
967 3348 1091 3412 nullum
1107 3346 1235 3416 indidit:
1258 3346 1432 3428 epeeopale
1449 3348 1501 3411 vel
1518 3345 1596 3412 leber
1611 3346 1798 3430 episcopelis
1812 3349 1995 3433 appellatur

335 3471 450 3537 pamm
478 3463 555 3538 apte
579 3452 750 3518 deficiente
775 3451 1046 3517 determinatione
1071 3452 1199 3515 omnino
1228 3451 1429 3524 necessaria;
1458 3455 1546 3532 qesta
1564 3451 1752 3531 castificum
1776 3449 1994 3514 Roneanorum

335 3553 388 3620 vel
402 3555 594 3636 pontificum
621 3555 708 3621 nude
731 3563 768 3620 ut
790 3562 901 3643 aptum
925 3563 990 3637 est,
1021 3557 1067 3619 ita
1089 3555 1219 3620 omnino
1248 3554 1400 3619 effectum
1430 3574 1472 3618 ex
1496 3555 1641 3641 epistulis
1664 3554 1879 3641 praelatoriis.
1923 3552 1993 3620 Nos

335 3658 523 3724 retinuimus
545 3680 664 3725 nomen
686 3659 784 3725 bodie
807 3660 986 3745 vulgatum.

439 3779 635 3846 Accedimus
656 3780 698 3845 ad
721 3781 944 3868 quaestionem
968 3787 1002 3846 et
1025 3780 1246 3866 gravissimam
1269 3787 1303 3843 et
1325 3779 1535 3866 perplexam,
1563 3778 1691 3866 quando
1715 3798 1832 3864 corpus
1854 3780 1992 3843 vitarum

334 3889 478 3948 nostrum
507 3884 603 3950 scribi
635 3891 786 3971 coeptum
809 3885 859 3949 sit.
908 3884 993 3949 Late
1022 3884 1063 3949 de
1094 3905 1134 3949 ea
1160 3904 1196 3948 re
1219 3890 1253 3948 et
1275 3885 1328 3948 vel
1351 3883 1493 3947 maxime
1520 3891 1632 3948 nostra
1654 3889 1764 3947 aetate
1792 3883 1852 3948 viri
1875 3883 1992 3948 eruditi

335 3987 541 4055 dissentiunt:
573 3988 616 4053 ad
649 3990 821 4074 septimum
856 3990 1022 4054 saeculum
1058 3994 1240 4052 extremum
1276 3986 1349 4052 libri
1383 3987 1540 4073 originem
1574 3987 1769 4052 rettulerunt
1802 3993 1836 4050 et
1870 3986 1925 4051 alii
1959 3997 1993 4052 et

335 4090 494 4157 Waitnius
520 4091 630 4179 (neuen
651 4092 772 4158 Arabio
802 4098 831 4173 4,
849 4096 922 4160 224.
946 4096 976 4175 9,
995 4094 1088 4178 469);
1120 4100 1214 4157 sexto
1244 4092 1419 4178 incipiente
1452 4112 1526 4157 eum
1556 4090 1721 4157 conditum
1752 4109 1824 4154 esse
1855 4088 1993 4154 obtinuit

334 4196 458 4283 opinio,
487 4217 530 4262 ex
553 4217 616 4283 quo
648 4197 778 4284 publice
801 4196 921 4283 prodiit
942 4196 1047 4261 forme
1070 4196 1177 4282 operis
1201 4196 1315 4260 liniens
1337 4197 1368 4260 in
1391 4194 1503 4261 Felice
1526 4195 1574 4259 IV
1599 4193 1734 4259 defensa
1760 4192 1846 4257 inter
1868 4194 1949 4257 alios
1971 4216 1992 4259 a

335 4298 567 4366 Schelcstratio
597 4302 709 4388 (antiq.
735 4301 812 4366 eccl.
833 4306 859 4381 1,
877 4304 939 4366 354
952 4300 1047 4386 seq),
1071 4299 1274 4386 eandemque
1291 4305 1325 4363 et
1339 4298 1473 4364 Roscius
1490 4304 1675 4364 constanter
1697 4297 1802 4361 tenuit
1824 4304 1858 4361 et
1872 4318 1990 4385 nuper-

333 4402 432 4469 rimus
463 4403 569 4470 editor
596 4404 798 4470 Duehesnius
827 4405 935 4469 multis
966 4404 1120 4470 defendit.
1163 4403 1313 4468 Pendent
1343 4424 1362 4467 a
1395 4403 1665 4468 determinatione
1698 4421 1738 4466 ea
1772 4402 1915 4466 maxime
1949 4399 1991 4465 de

333 4507 550 4574 institutorum
566 4509 857 4574 ecclesiasticorum
880 4507 1063 4595 primordiis
1079 4515 1155 4573 ante
1171 4508 1255 4573 bunc
1270 4507 1386 4573 libmm
1403 4528 1467 4571 non
1483 4513 1734 4572 memoratorum
1752 4506 1990 4570 controversiae

333 4631 393 4675 nec
408 4632 532 4697 paucae
548 4634 609 4677 nec
624 4614 724 4679 leves.
759 4612 992 4699 Expendamus
1008 4618 1208 4698 argumenta.
1245 4610 1379 4677 Dicetur
1394 4611 1532 4697 primum
1549 4610 1590 4676 de
1606 4609 1750 4674 terminis
1765 4630 1846 4695 quos
1861 4608 1990 4674 codices

333 4714 556 4801 suppeditant;
581 4716 698 4782 deinde
714 4738 917 4804 quaeremus,
941 4718 995 4804 qui
1018 4724 1166 4782 auctores
1189 4716 1250 4781 hoc
1274 4736 1409 4802 corpore
1433 4720 1575 4780 autnon
1589 4715 1638 4780 usi
1661 4714 1723 4777 sint
1745 4720 1801 4778 aut
1823 4714 1888 4785 usi;
1912 4715 1989 4778 item

333 4839 493 4905 quaenam
523 4822 678 4907 temporis
708 4821 826 4887 indicia
858 4827 1008 4886 auctores
1031 4820 1239 4908 suppeditent
1262 4840 1282 4883 a
1305 4819 1447 4906 corporis
1471 4818 1637 4884 conditore
1667 4815 1818 4889 adhibiti;
1850 4816 1989 4903 denique

332 4921 524 5006 videbimus,
546 4923 701 5011 numquid
724 4925 832 5010 colligi
856 4926 959 5011 possit
982 4946 1025 4989 en
1047 4924 1200 4989 institutis
1223 4924 1255 4988 in
1278 4922 1361 4987 libro
1385 4922 1645 4988 commemoratis
1668 4927 1702 4986 et
1725 4941 1767 4984 ex
1790 4921 1861 5007 ipsa
1879 4941 1987 4985 narra·

332 5026 426 5092 tionis
457 5029 678 5116 sermonisque
708 5028 940 5116 aequabilitate
971 5029 1023 5092 vel
1053 5027 1250 5093 diversitate.
1295 5026 1352 5091 Bis
1381 5027 1576 5092 recensitum
1608 5045 1681 5090 esse
1712 5043 1828 5109 eorpus
1851 5023 1988 5085 vitamm

333 5152 404 5198 cnm
435 5153 478 5198 ex
499 5133 674 5198 lectionum
696 5131 821 5198 indiciis
848 5133 932 5197 infra
960 5134 1105 5197 uastatis
1136 5139 1224 5197 certo
1255 5131 1426 5213 efficiatur,
1459 5129 1661 5195 bacandum
1694 5134 1744 5193 est
1766 5126 1829 5191 hoc
1851 5127 1923 5191 loco
1947 5125 1987 5190 de

332 5243 441 5303 aetate
471 5236 621 5302 editionis
650 5238 826 5323 utriusque.
871 5236 967 5301 Prior
994 5258 1065 5302 cum
1097 5237 1169 5323 ipsa
1197 5257 1262 5300 non
1290 5236 1444 5322 supersit,
1471 5233 1632 5320 supersint
1663 5237 1697 5295 et
1726 5231 1890 5316 epitomae
1919 5229 1989 5293 eius

332 5340 416 5407 dnae
439 5348 472 5407 et
494 5347 652 5427 excerpta
673 5341 748 5405 inde
772 5346 902 5427 sumpta
927 5341 960 5404 in
984 5341 1087 5405 classe
1111 5341 1224 5421 tertia,
1248 5360 1345 5426 quam
1368 5337 1549 5403 videbimus
1572 5335 1822 5402 contaminatam
1846 5353 1919 5398 esse
1943 5354 1985 5398 ex

333 5445 527 5511 editionibus
550 5443 693 5525 duabus,
722 5445 868 5531 quaestio
900 5444 1098 5509 instituenda
1128 5450 1179 5509 est
1201 5443 1371 5530 tripertito,
1395 5441 1623 5527 agendumque
1650 5439 1788 5526 primum
1812 5435 1853 5501 de
1876 5442 1987 5502 aetate

331 5548 516 5615 Felicianae
546 5549 724 5635 epitomae,
757 5548 874 5613 deiude
898 5548 939 5612 de
963 5555 1072 5612 aetate
1098 5547 1324 5625 Cononianae,
1356 5545 1495 5631 denique
1524 5543 1714 5626 videndum,
1745 5562 1807 5627 qno
1838 5548 1987 5627 tempore

331 5652 441 5718 classis
463 5654 580 5718 tertiae
604 5652 893 5718 contaminatomm
917 5651 1129 5738 archetypum
1151 5651 1306 5737 scriptum
1329 5649 1378 5712 sit.
