4658 6576
505 397 572 453 xlv
1186 394 1468 452 Protheonem.

605 570 770 636 Feliciana
788 570 936 636 editionis
958 570 1073 656 prioris
1090 569 1231 655 epitome
1255 567 1375 633 tradita
1389 588 1542 632 unacum
1558 566 1683 652 sylloge
1700 584 1858 631 canonum
1874 559 2150 630 Sanctimanriana

504 674 640 738 formata
668 676 702 738 in
723 674 830 739 Gellia
857 696 884 740 c.
899 695 929 740 a.
953 677 1015 738 549
1044 673 1114 737 finit
1143 673 1176 737 in
1197 672 1309 738 Felice
1324 672 1371 736 IV
1395 670 1431 757 (†
1453 674 1545 751 530).
1590 669 1637 733 At
1664 668 1810 755 syllegae
1840 669 1909 733 eins
1937 688 2021 755 quae
2048 667 2150 733 habs·

502 797 574 841 mus
605 778 804 864 exemplaria
833 778 930 863 longe
959 777 1140 841 recentiora
1174 783 1247 840 sunt
1277 777 1396 862 scripta
1424 795 1508 840 saec.
1529 773 1614 839 VIII
1635 773 1688 837 vel
1711 770 1771 853 IX,
1793 793 1901 859 neque
1924 778 2059 856 constat,
2088 792 2150 858 quo

503 886 648 967 tempore
671 882 815 967 syllegae
839 883 870 946 ei
892 882 1034 968 epitome
1056 881 1139 946 haec
1161 880 1312 945 adiuncta
1335 881 1385 944 sit.

605 984 756 1071 Epitome
783 987 885 1051 altera
912 1007 983 1049 cum
1011 985 1102 1049 finiat
1131 985 1164 1049 in
1191 983 1324 1049 Conone
1352 982 1388 1069 (†
1404 981 1493 1067 687),
1526 981 1602 1047 inde
1632 988 1668 1045 ut
1697 988 1786 1045 recte
1816 981 1986 1066 colligetur
2019 979 2149 1065 plenum

503 1089 688 1173 exemplum
704 1088 746 1153 ab
762 1090 975 1175 epitomatore
999 1088 1260 1175 compendiatum
1283 1087 1326 1152 ad
1350 1108 1423 1151 eum
1447 1087 1635 1173 episcopum
1657 1085 1856 1172 pervenisse,
1878 1085 1925 1149 ita
1945 1104 2150 1170 nequaquam

502 1190 535 1254 id
560 1193 701 1277 pertinet
727 1192 770 1256 ad
797 1193 994 1258 Pontificalis
1021 1192 1197 1257 editionem
1224 1192 1381 1279 priorem;
1414 1211 1490 1255 nam
1519 1191 1552 1254 iu
1581 1188 1727 1254 codicum
1757 1189 1909 1270 elencho,
1943 1209 2040 1276 quem
2069 1188 2151 1253 intra

503 1293 663 1375 dabimus,
701 1295 973 1361 demonstrabitur
1012 1297 1175 1382 epitomen
1209 1316 1281 1361 eam
1315 1295 1564 1360 contaminatam
1598 1314 1670 1358 esse
1703 1314 1747 1357 ex
1786 1292 1981 1359 editionibus
2016 1292 2150 1358 duabus.

502 1395 620 1462 Prioris
637 1397 784 1463 editionis
799 1400 937 1484 vestigia
959 1399 1099 1464 ostendit
1121 1400 1295 1464 laterculus
1317 1400 1401 1464 infra
1423 1399 1628 1484 compositus,
1650 1418 1716 1462 non
1739 1419 1929 1485 comparere
1951 1399 1985 1463 in
2008 1400 2147 1484 epitome

501 1508 575 1587 post
596 1500 751 1586 Vigilium
775 1509 808 1566 et
830 1502 979 1569 desinunt
999 1504 1142 1569 fortasse
1165 1505 1229 1568 iam
1252 1509 1349 1568 antea
1374 1504 1500 1589 paullo,
1528 1501 1561 1567 id
1584 1509 1635 1566 est
1656 1503 1740 1567 circa
1763 1501 1880 1569 sedem
1903 1509 2066 1589 tempora,
2096 1502 2152 1567 ubi

502 1603 619 1669 desinit
640 1604 816 1673 Feliciana.

604 1708 642 1774 Id
665 1711 769 1796 ipsum
795 1711 920 1777 obtinet
942 1711 983 1777 de
1014 1711 1210 1777 recensionis
1239 1711 1355 1798 prioris
1378 1710 1537 1796 reliquiis,
1566 1730 1646 1797 quas
1675 1716 1805 1777 servant
1832 1709 1905 1775 libri
1933 1711 2149 1775 contaminati

502 1812 599 1877 Certe
626 1835 698 1878 cum
725 1814 768 1878 ad
796 1822 938 1880 aetatem
966 1815 1034 1880 fere
1063 1815 1354 1880 Theodericianam
1382 1816 1492 1880 classis
1525 1815 1641 1879 tertiae
1667 1813 1743 1879 libri
1770 1815 1850 1878 locis
1879 1834 1943 1878 non
1969 1815 2015 1879 ita
2040 1815 2150 1902 paucis

502 1917 632 1980 mutatis
647 1919 700 1982 vel
722 1918 856 1983 adiectis
878 1939 899 1981 a
920 1918 1107 1983 melioribus
1130 1919 1308 2002 discedant,
1332 1920 1419 1984 vitae
1442 1920 1639 2005 posteriores
1662 1939 1722 2004 per
1743 1917 1843 1983 libros
1865 1924 2024 2004 quotquot
2039 1924 2151 1983 extant

501 2026 591 2083 tanta
620 2022 852 2107 aequabilitate
886 2022 1075 2104 decurrunt,
1109 2029 1145 2088 ut
1177 2023 1259 2088 hsnc
1290 2029 1416 2109 partem
1451 2023 1619 2087 evidenter
1652 2028 1810 2108 appareat
1845 2022 2150 2087 contaminationem

500 2123 620 2187 nnllam
643 2125 788 2190 subiisse.
1122 2123 1128 2131 ’

603 2226 719 2314 Itaque
750 2252 821 2295 cum
850 2237 1005 2317 excerpta
1033 2238 1126 2296 terna
1152 2231 1274 2317 pariter
1300 2230 1428 2296 linirent
1455 2232 1541 2296 circa
1570 2237 1718 2317 tempora
1746 2228 2016 2312 Theodericiana,
2047 2229 2152 2315 potuit
2258 2223 2263 2233 '

501 2331 602 2396 videri
625 2332 767 2398 decisum
790 2354 860 2398 esse
884 2334 925 2399 de
948 2336 1085 2400 termino
1103 2334 1254 2400 editionis
1277 2336 1400 2421 prioris,
1424 2356 1562 2421 eamque
1582 2335 1699 2400 astatis
1723 2333 2027 2400 determinationem
2050 2334 2151 2399 secuti

501 2442 587 2513 sunt,
615 2444 651 2501 ut
677 2436 830 2517 diximus,
861 2446 895 2503 et
921 2440 975 2503 alii
1004 2441 1096 2504 multi
1119 2446 1153 2503 et
1179 2460 1283 2526 nuper
1304 2439 1519 2504 Duchesnius.
1569 2438 1637 2503 Sed
1662 2460 1728 2505 non
1756 2439 1834 2503 satis
1864 2437 2070 2503 attenderunt
2092 2437 2151 2502 viri

500 2538 587 2605 docti
610 2539 652 2604 ad
675 2543 931 2608 coniunctionem
954 2544 1119 2629 epitomae
1144 2565 1216 2608 cum
1239 2563 1397 2608 canonum
1420 2544 1546 2629 sylloge
1571 2542 1858 2608 Sanctimauriana.
1903 2541 1987 2607 Eam
2010 2563 2074 2606 non
2096 2542 2150 2629 qui

500 2642 657 2726 condidit,
692 2645 751 2710 sed
779 2648 957 2732 posteriore
991 2653 1153 2733 tempore,
1186 2648 1316 2712 saeculo
1349 2647 1463 2733 opinor
1494 2653 1624 2730 octavo,
1659 2647 1712 2737 qui
1743 2648 1812 2712 eius
1845 2647 2030 2733 exemplum
2064 2645 2151 2727 fecit,

499 2754 612 2812 nactus
627 2748 825 2814 Pontificalis
848 2750 1024 2816 editionem
1047 2752 1187 2838 priorem
1210 2750 1331 2816 adiecit
1354 2752 1385 2817 ei
1408 2772 1524 2837 corpus
1546 2752 1686 2817 vitarum
1708 2771 1773 2815 non
1794 2752 1967 2837 integrum,
1990 2749 2049 2815 sed
2071 2770 2150 2837 qua·

500 2857 592 2917 tenus
615 2852 657 2916 ad
679 2854 827 2940 syllogen
849 2876 922 2920 eam
944 2856 1023 2921 utile
1047 2861 1143 2937 esset,
1166 2856 1275 2941 itaque
1299 2876 1373 2920 cum
1389 2855 1670 2920 ammadvertisset
1684 2856 1718 2920 in
1733 2855 1859 2941 sylloge
1874 2854 2149 2920 Sanctimaurisna

500 2956 653 3041 epistulas
675 2958 861 3043 pontificum
884 2959 1104 3024 Romanorum
1126 2960 1229 3024 nullas
1252 2961 1387 3046 reperiri
1410 2961 1606 3046 posteriores
1630 2959 1823 3046 Symmacho
1848 2961 1883 3042 (†
1900 2960 1977 3043 514)
2001 2953 2035 3024 et
2050 2958 2150 3023 Boni·

499 3059 577 3124 tatio
600 3061 635 3125 ΙΙ
665 3062 701 3147 (†
724 3061 817 3148 532),
850 3068 885 3127 ut
913 3064 977 3128 alia
1004 3065 1107 3128 multa
1137 3064 1257 3145 omisit,
1289 3065 1335 3127 ita
1364 3065 1579 3150 posteriorem
1608 3070 1735 3150 partem
1766 3063 1894 3127 abicere
1926 3070 1959 3127 et
1988 3063 2092 3149 potuit
2120 3068 2153 3126 et

501 3163 623 3247 debuit,
646 3165 688 3229 ad
703 3165 900 3230 Bonifatium
915 3166 949 3230 Π
970 3188 1036 3232 ιιοιι
1051 3169 1129 3232 satis
1145 3166 1326 3231 attendens.
1363 3166 1457 3232 Haeo
1475 3175 1525 3232 est
1541 3169 1695 3254 epitome,
1717 3166 1804 3232 unde
1827 3168 2070 3254 proficiscuntur
2093 3187 2151 3230 ex·

499 3275 611 3356 cerpta
632 3270 688 3334 illa
711 3277 817 3350 terna,
846 3291 980 3357 quorum
1004 3279 1092 3337 certe
1114 3272 1281 3336 Feliciaua
1305 3277 1338 3336 et
1360 3272 1564 3355 Cononiana,
1591 3272 1728 3336 fortasse
1752 3273 1831 3336 item
1855 3292 1938 3357 quae
1962 3272 1994 3334 in
2016 3271 2151 3335 classem

498 3375 628 3438 tertiam
657 3381 791 3460 recepta
818 3381 893 3439 sunt
920 3375 1004 3440 infra
1031 3375 1213 3441 videbimus
1240 3377 1287 3440 ita
1314 3383 1503 3462 comparata
1533 3396 1622 3459 esse,
1653 3382 1689 3440 ut
1718 3396 1783 3440 non
1811 3396 1853 3440 ex
1880 3377 1950 3462 ipso
1973 3373 2153 3439 Pontificali

499 3478 581 3542 sumi
603 3479 777 3565 potuerint,
801 3478 859 3543 sed
879 3500 921 3544 ex
942 3480 1101 3545 breviario
1119 3481 1187 3544 eius
1209 3481 1248 3544 iis
1264 3501 1347 3566 quae
1364 3480 1522 3545 habemus
1538 3481 1705 3567 ampliore.
1745 3480 1797 3544 Ita
1812 3500 1986 3544 consensus
2007 3478 2062 3543 ille
2077 3498 2153 3564 pro·

498 3581 640 3647 babilam
670 3583 922 3668 explicationem
955 3584 1091 3649 habebit
1119 3605 1225 3671 neque
1255 3605 1314 3671 per
1341 3605 1414 3649 eum
1445 3584 1664 3671 praecluditur
1690 3585 1852 3670 inquisitio
1881 3583 1922 3648 de
1953 3583 2053 3670 ipsius
2082 3581 2154 3646 libri

498 3686 689 3772 pontificalis
712 3687 860 3752 termino.
898 3686 986 3752 Vere
1010 3688 1051 3753 de
1076 3687 1218 3753 editione
1241 3690 1348 3775 priore
1373 3709 1456 3775 quae
1483 3689 1685 3771 rescivimus,
1709 3688 1771 3753 hoc
1793 3688 1898 3752 solum
1920 3687 2152 3767 demonstrant,

498 3789 585 3875 quod
609 3789 884 3855 demonstratione
906 3813 971 3856 non
993 3792 1127 3878 indiget,
1152 3814 1224 3858 eam
1248 3813 1313 3857 non
1335 3792 1494 3880 prodiisse
1518 3799 1594 3858 ante
1618 3793 1742 3857 obitum
1765 3791 1970 3857 Theoderici.

600 3893 653 3959 De
676 3901 823 3982 tempore
852 3895 958 3961 factae
987 3896 1136 3963 editionis
1164 3897 1325 3963 secundae
1354 3899 1492 3963 certiora
1513 3897 1652 3984 proferri
1674 3903 1825 3983 possunt;
1855 3916 1896 3960 ea
1923 3894 2072 3959 absoluta
2094 3891 2154 3956 fuit

499 3997 633 4062 sedente
658 3996 791 4064 Conone
816 4001 903 4085 (686.
928 4003 1014 4083 687).

600 4102 669 4167 Aut
694 4104 727 4166 in
757 4103 903 4169 Iohanne
926 4104 957 4167 V
986 4106 1101 4170 autin
1128 4126 1313 4171 successore
1343 4105 1412 4170 eius
1439 4103 1572 4172 Conone
1602 4103 1742 4169 finivisse
1776 4102 1921 4168 codicem
1956 4121 2067 4166 eorum
2100 4098 2154 4187 qui

497 4205 595 4272 hodie
620 4212 734 4272 extant
763 4209 1019 4294 antiquissimum
1040 4208 1293 4297 Neapolitanum
1309 4208 1359 4274 Β1
1382 4215 1509 4277 constat
1538 4229 1580 4272 ex
1607 4206 1714 4273 indice
1744 4207 1969 4292 episcoporum
1998 4206 2029 4269 ei
2057 4222 2152 4291 pree·

498 4311 616 4396 scripto
650 4311 861 4397 perveniente
896 4312 939 4377 ad
972 4315 1159 4400 episcopum
1186 4314 1276 4379 illum
1310 4314 1415 4401 spatio
1448 4318 1522 4398 post
1549 4332 1669 4377 nomen
1698 4331 1799 4375 vacuo
1826 4309 1950 4376 relicto.
2000 4305 2095 4383 Quod
2127 4306 2154 4371 si

499 4433 617 4495 sumas,
640 4413 727 4500 quod
750 4421 838 4480 certe
862 4417 945 4481 sumi
967 4423 1086 4504 potest,
1110 4438 1307 4504 quamquem
1329 4422 1463 4506 propter
1479 4416 1657 4503 scripturae
1680 4421 1823 4479 aetatem
1846 4434 1961 4500 parum
1983 4409 2152 4498 probabile

499 4523 564 4600 est,
594 4516 712 4583 librum
739 4518 837 4583 hodie
859 4522 1007 4586 mutilum
1029 4523 1163 4587 ulterius
1185 4524 1397 4611 processisse,
1430 4520 1517 4607 quod
1540 4519 1581 4585 de
1604 4520 1675 4606 ipso
1698 4539 1763 4583 non
1786 4518 1887 4600 valet,
1912 4517 1953 4581 de
1977 4515 2152 4601 archetypo

501 4621 570 4685 eius
593 4621 762 4688 obtinebit.

601 4725 686 4792 Item
719 4725 837 4791 codicis
864 4726 1020 4793 Lucensis
1047 4729 1081 4792 in
1112 4730 1214 4794 classe
1237 4730 1341 4816 prima
1367 4729 1510 4816 primarii
1537 4749 1733 4815 quamquem
1764 4746 1879 4812 corpus
1910 4725 2046 4788 vitarum
2076 4740 2153 4786 con·

499 4829 622 4893 tinuum
644 4831 714 4895 finit
735 4830 768 4894 in
793 4829 1003 4897 Constantino
1028 4832 1241 4918 (vos-715),
1269 4833 1397 4900 videtur
1418 4833 1445 4898 is
1467 4831 1648 4920 descriptus
1672 4850 1744 4896 esse
1768 4851 1811 4895 ex
1833 4829 2010 4914 archetypo
2031 4824 2154 4911 pariter

498 4931 541 4996 ad
556 4931 723 4998 Cononem
745 4935 911 5021 perducto.
951 4935 1083 5001 Scilicet
1105 4936 1192 5023 quod
1213 4939 1340 5024 corpori
1355 4938 1386 5002 ei
1399 4936 1445 5002 ibi
1460 4936 1676 5023 subscriptum
1698 4941 1749 5000 est
1770 4954 1868 4998 manu
1883 4929 2070 5010 ministeris,
2096 4925 2156 4992 sed

498 5036 657 5121 aequalis:
687 5036 779 5124 Ιιιωῑ)
802 5060 903 5121 usquc
928 5038 1021 5104 CXX
1028 5039 1141 5105 VIIII
1162 5042 1244 5106 anni
1271 5047 1347 5108 suat
1368 5040 1453 5122 qood
1473 5038 1678 5122 Langobardi
1706 5042 1859 5103 venerunt
1887 5040 1917 5100 et
1935 5033 2006 5100 VII
2025 5052 2152 5108 messes,

499 5160 694 5226 quamquam
722 5142 874 5228 scriptum
904 5151 954 5209 est
981 5151 1056 5231 post
1086 5142 1289 5213 Constantini
1316 5146 1432 5226 vitam,
1455 5143 1498 5208 ad
1521 5165 1595 5208 eum
1617 5165 1683 5208 non
1705 5147 1794 5207 recte
1817 5140 1970 5221 refertur,
1999 5158 2064 5202 non
2086 5142 2153 5200 tam

499 5251 674 5331 propterea
698 5244 785 5330 quod
807 5246 853 5310 ita
875 5247 1077 5334 ambigimus,
1093 5255 1201 5314 utrum
1218 5250 1390 5314 creationis
1406 5268 1507 5313 sunus
1522 5246 1760 5332 intellegendus
1783 5247 1823 5309 sit
1846 5265 1888 5308 an
1910 5243 2031 5323 mortis,
2055 5259 2152 5327 quam

500 5347 586 5432 quod
610 5369 710 5413 annus
737 5348 783 5412 ita
806 5349 942 5415 effectus
965 5352 1032 5416 sive
1057 5355 1119 5416 579
1146 5353 1214 5418 sive
1246 5356 1308 5419 586
1338 5351 1380 5417 ad
1408 5350 1700 5438 Langobardorum
1733 5348 1908 5413 adventum
1936 5346 2025 5410 nullo
2058 5342 2154 5408 modo

604 5607 624 5672 1)
642 5608 749 5660 Linsols
766 5626 843 5676 super
860 5627 874 5660 c
894 5611 995 5662 videtur
1012 5627 1075 5663 orsu
1094 5612 1193 5663 sdiacts
1210 5627 1278 5674 essc3
1300 5619 1369 5663 certe
1391 5612 1442 5678 legi
1466 5629 1517 5663 uon
1541 5620 1625 5680 potest
1646 5626 1705 5662 oum
1731 5609 1879 5661 Duchesnio
1897 5607 1977 5669 liano,
1994 5605 2063 5670 quod
2081 5620 2154 5657 num·

499 5710 576 5761 quam
595 5695 632 5745 sic
650 5695 791 5748 breviatur.
