4628 6570
957 432 1172 491 umentem

527 606 754 662 FELICIANA
1375 600 1613 658 CONONIANA

241 714 461 780 Theodericus
483 711 639 777 Arrianus
845 700 848 705 ¹
1092 730 1152 773 rex
1174 706 1395 772 Theodericus
1418 705 1598 770 christianis

240 838 342 902 veluit
365 842 467 900 totam
489 834 618 899 Italiam
1092 830 1195 894 veluit
1216 828 1313 893 Italia

241 957 350 1043 gladie

242 1076 391 1165 perdere.
435 1076 526 1139 Tune
547 1073 709 1139 Iohannes
732 1073 927 1137 venerabilis
955 1093 1043 1159 papa
1093 1066 1242 1153 perdere.
1286 1066 1377 1133 Tunc
1398 1066 1560 1132 Iohannes
1581 1083 1669 1150 papa

242 1219 402 1284 egressus,

243 1340 315 1384 eum
337 1319 416 1382 fletu
1095 1347 1166 1390 eum
1191 1326 1279 1407 fletu,

244 1464 277 1521 et
299 1456 425 1540 mugitu
448 1454 635 1535 ambulavit,

245 1600 278 1659 tl
298 1595 358 1659 Viri
380 1592 523 1677 religlffli
547 1598 580 1655 et
603 1591 751 1656 ⁰011⁸1110⁸
1096 1606 1129 1664 et
1150 1600 1210 1664 viri
1232 1599 1376 1684 religiosi
1399 1618 1441 1662 ex
1465 1595 1657 1677 censalibus,

245 1737 279 1795 et
300 1731 426 1817 patricii
438 1727 638 1810 Theodorus,
654 1728 857 1813 Inpertunus,
880 1724 1041 1811 Agapitus

245 1840 278 1898 et
301 1833 381 1897 alius
403 1832 573 1918 Agapitus,

244 1971 306 2035 110⁰
329 1970 525 2055 accipientes
545 1970 577 2032 5¹¹
594 1967 781 2032 mandalum
803 1967 984 2051 lessstfifflliflr
1007 1972 1043 2030 ul
1094 1978 1157 2043 hoe
1180 1976 1376 2062 accipientes
1399 1976 1430 2037 in
1451 1973 1638 2037 mandatum
1654 1969 1836 2056 legationis,
1859 1974 1896 2032 ut

244 2071 459 2137 redderentur
497 2072 650 2136 eeclesias
691 2070 842 2136 hereticis
878 2072 911 2135 in
948 2078 1041 2157 parte
1094 2079 1308 2145 redderentur
1346 2078 1499 2142 ecclesias
1541 2097 1616 2140 ruas
1652 2074 1824 2138 haereticis
1861 2074 1895 2137 in

245 2175 449 2240 Greciarurn:
489 2175 575 2260 quod
612 2176 638 2238 ci
675 2196 740 2238 non
776 2174 873 2239 fuerit
910 2174 1041 2255 facturn,
1095 2192 1205 2269 partes
1228 2180 1430 2246 Greciarnm:
1465 2179 1552 2265 quod
1580 2179 1607 2243 si
1636 2180 1682 2241 ita
1711 2198 1776 2241 non
1799 2177 1896 2240 fuerit

246 2299 374 2343 emnem
398 2277 526 2341 Italiam
549 2278 656 2362 gladie
679 2278 833 2364 perderet
1095 2288 1225 2369 factum,
1238 2306 1367 2350 emnem
1379 2284 1508 2348 Italiam
1524 2281 1566 2346 ad
1581 2281 1725 2367 gladium
1741 2279 1896 2367 perderet

244 2416 385 2481 Iustinus
407 2418 493 2500 Aug.
1095 2445 1156 2489 rex
1177 2423 1407 2488 Theodericus.

1096 2562 1251 2636 Quidum
1266 2562 1451 2625 introissent
1472 2579 1584 2624 omnes
1601 2557 1808 2644 suprascripti
1825 2576 1897 2620 cum

1095 2665 1240 2729 Iohanne
1275 2686 1361 2751 papa
1390 2663 1720 2748 Constantinopolim,
1744 2680 1894 2725 occurre-

1094 2775 1168 2833 runt
1191 2770 1237 2834 eis
1260 2790 1280 2833 a
1309 2768 1445 2832 miliario
1470 2768 1537 2832 XII
1558 2768 1591 2831 in
1613 2766 1736 2831 honore
1760 2770 1892 2851 apesto-

1095 2873 1209 2953 lorum,
1226 2872 1449 2937 desiderantes
1464 2877 1539 2957 pest
1553 2871 1687 2935 beatum
1704 2868 1896 2933 silvestrum

1095 2997 1214 3063 papam
1242 2975 1442 3061 temporibus
1473 2972 1674 3039 Constantini
1705 2971 1898 3036 meruissent

1096 3080 1242 3166 partibus
1254 3079 1392 3144 Greciae
1404 3079 1559 3142 vicarium
1576 3077 1678 3141 saneti
1691 3076 1780 3139 Petri
1796 3074 1897 3137 susci-

1096 3204 1186 3269 pere.
1231 3183 1274 3247 ht
1300 3183 1442 3247 Iustinus
1472 3181 1557 3266 Aug.
1587 3180 1734 3245 adoravit
1764 3177 1897 3241 beatum

1096 3288 1284 3369 Iohannem,
1308 3286 1349 3349 de
1373 3286 1462 3349 euius
1477 3283 1625 3348 manibus
1642 3286 1814 3346 coronatus
1837 3286 1897 3345 est.

245 3434 305 3499 Cui
341 3455 419 3499 vero
453 3435 546 3498 simul
579 3442 612 3498 et
645 3434 849 3499 senatoribus
884 3434 982 3496 tantis
1010 3438 1044 3496 et
1096 3424 1187 3489 Tune

244 3538 362 3601 talibus
397 3540 624 3603 exconsulibus
660 3546 693 3602 et
727 3537 868 3622 patriciis
905 3537 1042 3600 civitatis

243 3640 332 3704 urbis
354 3640 490 3719 Romae,
512 3642 661 3706 Flavium

244 3777 452 3843 Theodorum
475 3779 550 3842 viris
573 3777 770 3857 inlustribus,
1097 3768 1304 3833 Theodorum
1327 3766 1430 3830 virum
1452 3765 1621 3829 inlustrem

245 3917 496 4004 praecedentem
533 3916 673 3979 omnium
709 3914 902 4000 dignitatum
935 3915 1043 4000 splen·
1097 3928 1169 3971 cum
1200 3905 1269 3969 aliis
1298 3904 1429 3987 nobilis,
1454 3904 1509 3989 qui
1532 3922 1604 3966 cum
1627 3900 1725 3964 beato
1750 3898 1897 3964 Iohanne

246 4021 369 4099 dorem,
392 4020 451 4084 sed
473 4027 506 4083 et
528 4018 740 4105 lnportunnm
763 4019 830 4082 viro
854 4018 978 4081 inlustri
1002 4037 1045 4080 ex
1095 4029 1182 4095 popa
1203 4016 1371 4088 venerant,

246 4124 439 4207 consulibus,
463 4130 496 4188 et
511 4122 654 4208 Agapite
671 4122 738 4185 vire
761 4120 886 4183 inlustri
909 4141 951 4183 ex
968 4141 1043 4184 con·

246 4227 378 4311 sulibus,
402 4236 436 4292 et
458 4228 520 4292 alio
544 4226 687 4311 Agapito
710 4225 855 4311 patricio,
879 4244 1008 4288 omnem

247 4367 405 4430 concessit
439 4366 645 4451 petitionem:
685 4369 817 4449 prepter
854 4362 1043 4446 sanguinem
1098 4367 1255 4433 concessit
1291 4366 1485 4453 petitiones:
1530 4371 1665 4450 propter
1708 4364 1900 4448 sanguinem

246 4467 465 4533 Romanorum
488 4466 629 4533 reddidit
651 4466 803 4532 hereticis
827 4466 991 4532 ecclesias.
1097 4471 1317 4535 Romanorum
1362 4466 1503 4533 reddidit
1547 4468 1698 4533 hereticis
1745 4466 1900 4531 ecclesias

1099 4596 1183 4641 suas.

247 4691 290 4756 ht
313 4691 389 4756 dum
412 4700 518 4757 aetum
542 4693 654 4757 fuisset
677 4693 710 4756 in
732 4698 841 4777 partes
857 4690 1045 4754 Greciarum

247 4795 423 4860 secundum
471 4797 672 4860 voluntatem
717 4794 910 4859 Theoderici
960 4795 1047 4879 regis

248 4898 398 4980 heretici,
428 4902 569 4964 maxime
598 4898 785 4964 sacerdotes
808 4898 861 4961 vel
884 4898 1047 4962 christiani

249 5001 291 5065 ad
314 5002 423 5087 gladio
446 5005 660 5083 mitterentur,

249 5140 326 5205 illud
350 5161 426 5205 vero
450 5142 637 5205 beatissimo
655 5140 799 5204 Iohanne
816 5141 970 5225 episeopo
987 5138 1046 5202 sed
1100 5142 1185 5205 Dum
1213 5160 1291 5204 vero
1321 5140 1500 5205 Iohannem
1531 5142 1719 5227 episcopum
1741 5162 1902 5206 unacum

249 5248 283 5307 et
315 5244 400 5309 vires
434 5244 574 5308 inlustris
606 5245 728 5330 positus
755 5242 1046 5328 Constantinopoli,
1100 5246 1176 5309 viris
1197 5244 1340 5308 inlustris
1362 5244 1503 5328 pesitum
1527 5244 1559 5308 in
1577 5242 1901 5332 Constantinopolim,

248 5368 307 5410 rex
331 5346 552 5411 Theodericus
574 5349 677 5410 tenuit
706 5346 786 5410 duos
814 5354 981 5410 senatores
1004 5366 1047 5409 ex
1100 5369 1159 5412 rex
1196 5346 1417 5410 Theodericus
1456 5348 1560 5410 tenuit
1604 5347 1684 5412 duos
1722 5355 1901 5429 senatores,

250 5451 433 5515 consulibus
464 5457 497 5514 et
530 5452 695 5537 patricius,
730 5449 839 5535 gladie
873 5448 1046 5529 interfecit,
1101 5450 1252 5515 Bothium
1282 5458 1316 5513 et
1345 5448 1552 5535 Symmacum
1582 5453 1769 5537 patricium,
1792 5453 1901 5537 gladio

249 5552 401 5618 Boetium
425 5562 458 5618 et
481 5553 722 5640 Symmachum,
1100 5554 1262 5618 interiecit
1285 5560 1320 5617 et

251 5712 387 5779 querum
410 5692 509 5755 etiam
532 5711 669 5779 corpora
