4658 6576
332 473 438 531 XXXII
1018 474 1307 531 moneamus.

435 652 465 713 0.
497 646 702 713 Corbeiensis
729 648 822 728 olim,
852 646 971 713 deinde
1002 647 1036 714 S.
1052 648 1208 715 Germani
1229 671 1260 714 n.
1277 653 1357 729 255,
1385 649 1451 713 iam
1473 648 1638 714 Parisinus
1665 652 1767 715 12205
1790 672 1876 719 saec.
1891 653 1986 719 VIII.

331 752 538 817 Praecedunt
560 752 679 838 scripta
694 752 783 816 varia
800 751 975 837 Augustini
997 760 1032 817 et
1045 752 1112 818 Nili
1134 760 1168 817 et
1190 753 1324 838 regulae
1345 759 1530 816 sanctorum
1551 759 1681 839 patrum
1696 752 1882 840 Serapionis
1904 758 1985 822 allo·

332 876 478 942 rumque.
517 855 630 941 Spatia
644 857 841 942 perveniunt
856 854 900 919 ad
912 855 1081 920 Cononem
1097 854 1231 939 (1687),
1252 856 1384 920 ιιο1111110
1398 854 1441 919 011
1456 855 1636 920 Iohannem
1645 855 1695 920 VI
1717 856 1854 943 (1)705).
1885 860 1987 926 Prae-

332 959 495 1024 scribitur:
525 946 599 1041 2⁷72AE
620 960 659 1024 dc
680 961 832 1041 0111110010
853 959 1018 1024 Bonnam
1039 959 1193 1025 ecclcsiae.
1233 960 1338 1025 Abest
1368 960 1410 1025 ab
1443 959 1506 1024 hoc
1534 962 1715 1047 exemplari
1736 962 1863 1029 Petrus.
1907 965 1986 1052 Epi·

331 1064 420 1149 scopi
442 1084 506 1127 uon
529 1070 747 1143 numerantur,
770 1062 829 1128 sed
851 1062 1043 1128 adscribitur
1065 1062 1109 1127 ad
1131 1063 1325 1150 Gregorium
1346 1063 1378 1128 I:
1401 1064 1488 1144 fiunt
1509 1085 1609 1145 easque
1629 1063 1681 1128 bic
1701 1064 1837 1133 LXIII.
1873 1069 1988 1138 Edidit

330 1168 452 1254 primus
474 1166 632 1232 Mabillon
654 1168 686 1231 in
709 1168 864 1232 analectis
886 1166 1039 1233 0111682
1062 1169 1127 1234 101.
1145 1172 1164 1233 3
1191 1190 1223 1255 p.
1240 1171 1314 1250 428,
1337 1166 1389 1232 011
1411 1170 1490 1232 1723
1513 1188 1545 1253 p.
1563 1170 1640 1242 210;
1670 1169 1750 1235 110111
1771 1171 1814 1236 ad
1840 1175 1987 1242 codicem

331 1269 535 1335 Duchesnius
557 1293 588 1358 p.
606 1275 658 1336 31.

439 1398 487 1457 10.
521 1392 637 1458 codex
658 1392 856 1459 Veronensis
878 1415 908 1457 n.
922 1392 1023 1457 XXII
1045 1393 1115 1476 (20)
1145 1412 1230 1457 saec.
1247 1392 1316 1475 VI,
1346 1391 1388 1457 110
1416 1413 1480 1479 quo
1508 1414 1607 1479 supra
1628 1415 1661 1479 p.
1676 1394 1761 1460 VIII
1783 1396 1866 1480 dixi,
1895 1403 1986 1469 initio

331 1497 462 1561 mutilus
484 1499 628 1562 continet
650 1498 781 1562 nomina
803 1503 838 1562 et
859 1497 965 1583 spatia
994 1497 1220 1582 episcoporum
1249 1517 1269 1561 a
1292 1495 1487 1581 Symmacho
1516 1496 1560 1561 ad
1580 1497 1735 1583 Vigilium
1759 1499 1794 1581 (†
1810 1504 1897 1589 555).
1942 1506 1987 1572 Iis

331 1621 484 1666 numeros
507 1602 699 1688 praescribit
720 1600 900 1666 LII-LX.

441 1727 489 1786 11.
523 1720 660 1787 Codices
684 1721 747 1786 duo
770 1722 859 1808 pleni
881 1722 1045 1806 epitomae
1067 1720 1205 1785 finientis
1226 1721 1260 1784 in
1281 1721 1392 1786 Felice
1408 1721 1479 1785 IIII
1501 1721 1665 1786 Parisinus
1687 1744 1719 1787 n.
1740 1730 1814 1789 1451
1843 1734 1878 1793 01
1892 1729 1986 1796 Vati-

332 1845 431 1889 canus
450 1826 583 1911 reginae
607 1847 637 1890 n.
654 1830 734 1890 1127
751 1834 825 1913 post
841 1847 925 1907 eam,
947 1832 984 1890 ut
1005 1826 1088 1890 iufra
1111 1827 1143 1890 in
1166 1825 1313 1890 codicum
1336 1827 1540 1890 enarratione
1562 1824 1697 1908 dicetur,
1720 1828 1836 1894 sistunt
1857 1835 1988 1899 nomina

333 1930 558 2015 episcoporum
581 1951 654 1994 cum
676 1931 788 2016 spatiis
810 1931 875 1994 suis
898 1951 918 1994 a
939 1929 1051 1994 Felice
1066 1929 1135 1994 1111
1157 1929 1269 2016 (quem
1291 1928 1392 1993 iudex
1414 1931 1533 2015 repetit
1556 1930 1680 2013 errore)
1703 1930 1747 1995 ad
1770 1933 1938 2022 Pelagium
1952 1938 1989 2002 H

332 2034 368 2115 (†
382 2034 470 2119 590).
509 2034 701 2098 Laterculus
732 2035 815 2099 alter
837 2033 1014 2099 eomndem
1042 2033 1197 2098 librorum
1227 2034 1341 2097 finiens
1363 2034 1396 2096 iu
1418 2032 1618 2098 Hadrianol
1640 2035 1677 2120 (†
1694 2036 1769 2118 795)
1792 2040 1845 2102 vel
1867 2040 1900 2103 iu
1921 2040 1987 2106 Pa-

331 2137 464 2202 schalil
487 2138 524 2221 (†
543 2139 620 2221 824)
649 2159 669 2203 0
698 2138 791 2202 1101111
819 2158 884 2202 non
911 2144 962 2202 est
989 2143 1141 2224 receptus
1169 2144 1282 2223 utpote
1318 2137 1481 2201 derivatus
1509 2158 1552 2201 ex
1580 2138 1662 2203 libro
1689 2139 1881 2208 Pontificali.
1925 2145 1987 2228 Illi,

333 2261 429 2325 quem
452 2240 654 2323 admisimus,
677 2240 893 2327 subscriptum
916 2248 981 2306 est:
1013 2261 1036 2304 a
1060 2242 1148 2306 beato
1171 2240 1266 2304 Petro
1287 2261 1386 2321 usquc
1407 2260 1493 2304 nunc
1514 2242 1600 2320 fiunt
1626 2244 1708 2306 1111111
1733 2244 1992 2316 CCOOXLIIII

331 2351 360 2408 ct
380 2366 501 2410 menses
523 2345 592 2410 VII
613 2346 664 2431 (ui
683 2345 774 2430 Vat.)
797 2351 922 2431 accepto
944 2345 1131 2411 inamata
1152 2344 1234 2432 (1110
1248 2345 1338 2429 Vat.)
1361 2346 1541 2425 episcopali.
1578 2344 1713 2412 Numeri
1735 2349 1851 2415 librum
1873 2353 1988 2420 Ponti-

331 2450 456 2515 ficalem
473 2453 697 2516 continuantes
714 2473 785 2517 esse
804 2451 986 2516 debuerunt
1000 2450 1226 2532 LVI—LXV,
1249 2448 1308 2515 sed
1325 2451 1552 2536 cumprimum
1572 2451 1761 2538 episcopum
1783 2464 1987 2524 numeratum

331 2557 396 2619 iam
426 2557 458 2619 in
489 2557 632 2641 epitoma
654 2557 828 2621 laterculus
856 2562 987 2641 repetat
1016 2561 1050 2620 et
1078 2554 1160 2620 duos
1190 2560 1365 2641 sequentes
1394 2554 1479 2617 male
1508 2555 1669 2638 geminet,
1699 2562 1889 2646 praescripti
1916 2571 1990 2628 suut

332 2680 389 2745 pro
412 2661 498 2724 veris
520 2661 646 2724 numeri
667 2659 963 2726 LVII-LXVIII

439 2784 486 2845 12.
517 2779 645 2845 Codicis
668 2780 862 2846 Havnienais
884 2803 914 2845 n.
934 2785 996 2844 454
1020 2780 1221 2845 collectanea
1243 2779 1439 2864 Prosperum
1468 2779 1686 2843 continuantia
1713 2780 1796 2865 (dixi
1819 2783 1861 2847 de
1885 2786 1988 2851 eisin

331 2882 441 2948 chron.
465 2885 541 2952 min.
564 2885 662 2952 vol.1
692 2908 723 2972 p.
741 2886 818 2970 266)
850 2887 882 2949 in
898 2906 934 2950 er
962 2886 1026 2949 alia
1057 2884 1215 2949 exhibent
1247 2885 1378 2948 uomina
1409 2884 1635 2969 episcoporum
1661 2884 1881 2952 Romanorum
1915 2911 1988 2955 cum

334 2989 446 3074 spatiis
468 2991 534 3054 suis
557 3011 577 3054 a
598 2989 710 3055 Felice
733 2990 786 3055 Ill
810 2992 845 3073 (†
861 2992 938 3070 492)
961 2988 1004 3054 ad
1025 2988 1210 3053 Deuadedit
1232 2991 1268 3073 (†
1283 2987 1372 3069 618),
1396 3007 1480 3073 quae
1503 2987 1658 3052 laterculo
1681 2990 1812 3055 inserui.

438 3179 598 3245 Numeros
622 3182 782 3268 episcopis
804 3180 1027 3268 praescribunt
1056 3201 1099 3245 ex
1127 3179 1291 3244 laterculis
1320 3178 1370 3242 hia
1395 3179 1511 3242 tertius
1534 3184 1665 3263 quartus
1694 3181 1822 3266 quintus
1846 3183 1990 3251 decimus

334 3282 523 3348 undecimus
546 3292 758 3372 numeratque
790 3287 961 3372 episcopos
984 3285 1083 3349 etiam
1105 3305 1217 3349 nonus.
1262 3281 1368 3346 Missis
1391 3283 1503 3369 quinto
1528 3289 1561 3346 et
1583 3282 1765 3366 undecimo,
1789 3286 1829 3351 de
1854 3310 1989 3374 quorum

335 3389 557 3453 numeratione
585 3396 736 3475 corrupta
765 3410 862 3474 supra
890 3388 1046 3470 diximus,
1073 3389 1187 3452 tertius
1215 3392 1248 3451 et
1278 3393 1410 3472 quartus
1432 3386 1615 3450 nominibus
1637 3390 1803 3454 recensitis
1826 3400 1914 3457 recta
1937 3415 1990 3458 re-

335 3492 512 3578 spondent,
535 3494 614 3558 item
637 3515 754 3575 nonus,
783 3494 844 3557 nisi
872 3492 960 3578 quod
987 3513 1060 3557 cum
1087 3491 1128 3556 ab
1158 3511 1197 3554 eo
1227 3491 1343 3554 Petrus
1371 3488 1470 3570 absit,
1501 3488 1678 3576 Gregorius
1698 3492 1715 3556 Ι
1737 3492 1856 3559 Iudicis
1878 3495 1991 3561 LXIV

334 3596 386 3661 hic
409 3604 459 3661 est
480 3596 604 3664 LXIII.
643 3596 812 3662 Consentit
835 3618 907 3662 cum
929 3596 1040 3661 Indice
1065 3597 1269 3660 continuator
1282 3592 1461 3658 Marcellini
1477 3593 1633 3678 Vigilium
1657 3595 1778 3661 iaciens
1801 3599 1990 3686 episcopum

334 3698 463 3766 LVIIII
481 3702 602 3786 (chron.
620 3704 695 3769 min.
712 3703 774 3768 vol.
792 3706 811 3766 2
834 3724 866 3788 p.
885 3699 952 3784 46).
976 3738 1015 3747 -
1040 3700 1238 3765 Pontificalis
1253 3698 1336 3763 liber
1351 3697 1500 3761 convenit
1517 3718 1589 3760 cum
1606 3697 1717 3765 Indice
1735 3707 1878 3783 eatenus,
1902 3705 1991 3791 quod

336 3804 426 3869 addit
449 3805 530 3871 duos
552 3808 767 3873 Aneucletum
793 3814 825 3871 01
847 3804 1082 3870 Marcellinum.
1114 3842 1154 3852 —
1177 3802 1297 3868 Differt
1319 3801 1493 3866 laterculus
1516 3800 1659 3866 decimus
1683 3806 1825 3869 omnium
1850 3809 1989 3893 optimus

336 3906 604 3994 Symmachianus
626 3933 724 3976 unum
749 3912 938 3997 episcopum
969 3909 1078 3972 nescio
1103 3906 1267 3993 quomodo
1298 3904 1437 3979 addens;
1466 3925 1541 3968 nam
1565 3903 1778 3990 Symmachus
1801 3909 1920 3975 Indicis
1942 3913 1991 3978 LI

335 4012 379 4076 ibi
404 4020 453 4078 est
475 4014 547 4079 LII.
590 4013 678 4079 Fieri
706 4020 830 4100 potest,
861 4019 897 4077 ut
926 4012 1044 4077 omisso
1067 4011 1166 4075 Petro
1196 4011 1333 4097 scriptor
1364 4007 1532 4073 admiserit
1554 4009 1770 4075 Anencletum
1794 4020 1828 4077 et
1850 4013 1989 4080 Marcel·

335 4116 446 4180 linum.
471 4156 510 4165 -
533 4117 751 4204 Hieronymus
775 4139 847 4181 cum
862 4117 997 4181 Petrum
1020 4116 1106 4181 inter
1128 4116 1299 4202 episcopos
1322 4135 1387 4178 non
1408 4120 1558 4177 numeret
1580 4121 1614 4177 et
1637 4115 1764 4179 omittat
1786 4116 1930 4184 Felicem
1945 4121 1989 4203 Π,

337 4221 507 4307 episcopus
531 4223 562 4287 ci
585 4228 750 4287 extremus
774 4221 945 4304 Damasus,
968 4221 1088 4286 Indicis
1111 4219 1288 4303 XXXVII,
1313 4218 1510 4284 Pontificalis
1533 4218 1692 4302 XXXIX,
1716 4221 1803 4306 apud
1826 4222 1989 4310 Hierony·

336 4345 424 4388 mum
452 4331 503 4389 ast
525 4324 671 4408 {XXXV
723 4325 907 4410 Sequuntur
939 4323 1174 4410 Hieronymum
1210 4326 1449 4390 continuatores
1483 4323 1552 4387 eius
1585 4322 1742 4410 Prosper,
1776 4326 1864 4410 apud
1893 4348 1991 4413 quem

337 4434 503 4493 extremus
525 4427 595 4493 Leo
617 4429 649 4511 1,
680 4428 799 4493 Indicis
830 4427 933 4510 XLV,
957 4429 1157 4495 Pontificalis
1184 4429 1328 4509 XLVII,
1353 4435 1404 4493 est
1426 4426 1554 4508 XLIII,
1588 4428 1667 4491 item
1691 4427 1897 4494 Marcellinus
1920 4433 1989 4520 ipse

337 4532 470 4617 (chron,
483 4532 560 4598 min.
583 4533 604 4597 l.
620 4532 674 4618 0.).
