4658 6576
1029 427 1314 486 Protheonem.
1926 426 2002 484 LVII

447 605 572 672 Habuit
592 606 692 692 igitur
715 607 769 693 qui
783 605 1010 672 Pontifiealem
1032 607 1156 693 primus
1180 603 1341 670 ordinavit
1363 610 1536 690 utrumque
1560 604 1787 689 episcoporum
1810 603 2000 669 laterculum

340 715 409 774 tam
439 708 585 775 Indicam
614 731 711 796 quem
743 710 878 776 dicimus
908 731 1004 796 quam
1026 709 1236 776 Liberianum
1267 715 1301 773 et
1333 709 1365 773 iu
1393 709 1506 796 spatiis
1538 709 1785 794 episcopatuum
1815 707 2001 774 ordinandis

340 822 482 901 utroque
503 815 551 879 uti
572 815 688 901 potuit.
725 814 883 901 Dupliees
905 835 1056 880 numeros
1078 823 1143 879 non
1164 812 1293 878 ridetur
1315 814 1471 900 posuisse,
1495 813 1646 898 quoniam
1671 811 1829 878 eiusmodi
1852 813 2000 898 gemina·

343 917 469 982 tionum
495 916 622 983 codices
646 919 798 1005 exempla
819 918 909 983 nulla
924 917 1135 1005 suppeditant
1151 923 1290 1003 excepto
1313 938 1378 981 uno
1394 915 1452 999 ΕΙ,
1476 936 1572 1002 quem
1595 921 1722 980 constat
1737 936 1780 981 ex
1801 917 2000 981 contamina-

342 1022 431 1087 tione
447 1041 533 1087 saec.
551 1022 601 1087 XI
624 1023 781 1109 originem
798 1021 938 1087 trahere.
976 1022 1161 1087 Posteriora
1177 1021 1427 1108 interpolatione
1442 1021 1475 1084 in
1498 1021 1615 1085 librum
1632 1019 1855 1086 Pontifiealem
1871 1021 1999 1084 venisse

343 1146 491 1210 eaquae
514 1125 681 1191 habetex
709 1127 858 1211 catalogo
881 1125 1056 1190 Liberiano
1088 1125 1273 1211 negandum
1306 1132 1369 1201 est;
1400 1146 1474 1189 nam
1504 1124 1637 1189 huiusce
1666 1124 1768 1189 libelli
1798 1125 1909 1211 paucis
1932 1125 2000 1188 noti

341 1230 481 1315 vestigia
504 1230 646 1295 maxime
670 1231 874 1317 reperiuntur
901 1231 934 1294 in
958 1229 1109 1295 editionis
1138 1231 1253 1318 prioris
1281 1230 1425 1316 reliquiis
1450 1228 1487 1292 K
1510 1234 1543 1293 et
1566 1228 1605 1292 el.
1629 1228 1692 1310 III,
1717 1227 1835 1292 adeunt
1856 1229 1889 1293 in
1912 1228 2000 1292 Fet

341 1332 382 1397 el.
404 1331 430 1395 I.
452 1332 487 1397 ll
509 1334 548 1398 iis
571 1334 713 1399 maxime
735 1336 825 1418 loeis,
847 1335 881 1399 in
904 1335 1019 1421 quibus
1042 1334 1148 1400 Index
1171 1334 1288 1401 deficit.
1334 1334 1431 1409 Quod
1453 1334 1479 1398 si
1502 1339 1688 1420 superesset
1711 1332 1861 1397 editionis
1884 1333 1999 1418 prioris

341 1437 530 1523 exemplum
553 1437 726 1523 integrum,
750 1439 818 1504 sine
843 1438 941 1504 dubio
957 1440 1084 1504 numeri
1099 1438 1266 1505 Liberiani
1281 1440 1314 1503 in
1332 1459 1370 1503 eo
1394 1439 1582 1525 primarium
1604 1438 1711 1502 locum
1735 1442 1900 1512 tenerent;
1924 1457 1998 1501 eum

341 1541 427 1605 enim
457 1540 648 1606 laterculum
678 1541 720 1606 ad
749 1541 968 1607 chronicorum
1002 1543 1139 1607 formam
1167 1564 1270 1629 prope
1302 1541 1515 1608 accedentem
1544 1541 1791 1606 fundamentum
1820 1541 1927 1627 operis
1950 1541 1999 1605 sui

341 1665 415 1709 esse
436 1645 539 1710 voluit
567 1652 680 1711 auctor
701 1646 899 1711 Pontificalis
920 1648 1032 1733 itaque
1055 1648 1231 1712 verisimile
1263 1652 1313 1713 est
1339 1667 1492 1711 numeros
1520 1666 1650 1732 quoque
1677 1645 1733 1710 ubi
1763 1645 1911 1710 laterculi
1934 1644 1998 1709 duo

341 1748 536 1813 differebant
557 1748 599 1814 ad
621 1750 706 1815 hune
728 1751 929 1838 potissimum
958 1772 1032 1815 eum
1062 1751 1230 1817 formasse.
1276 1750 1343 1816 Sed
1372 1757 1519 1836 tempore
1552 1748 1752 1835 procedente
1782 1770 1854 1813 eum
1877 1748 1998 1814 Indicis

341 1854 543 1940 exemplaria
568 1854 673 1920 ubivis
702 1860 887 1942 prostarent
910 1861 943 1920 et
964 1857 992 1921 is
1015 1877 1144 1943 quoque
1166 1856 1305 1921 insertus
1328 1855 1572 1921 collectionibus
1595 1855 1803 1919 conciliorum
1827 1858 1861 1918 et
1884 1851 1998 1917 decre·

339 1963 447 2021 torum
469 1958 635 2045 papalium
658 1958 701 2023 ad
723 1960 910 2024 eanonicam
934 1958 1175 2046 quodammodo
1199 1961 1423 2025 auctoritatem
1447 1959 1662 2046 pervenisset,
1693 1957 1736 2023 ad
1766 1978 1841 2022 eum
1870 1962 1999 2022 vetusta

344 2060 569 2148 episcoporum
593 2061 751 2127 ordinatio
775 2063 944 2149 spatiaque
968 2064 999 2127 ei
1021 2083 1086 2127 non
1107 2064 1318 2148 congruentia
1341 2061 1477 2127 subinde
1499 2068 1624 2128 mutata
1646 2067 1729 2128 sunt.

443 2180 475 2246 A
497 2181 630 2248 Liberio
647 2183 717 2270 (37)
740 2183 816 2249 inde
841 2205 915 2249 eum
938 2185 1087 2270 scriptori
1109 2186 1202 2249 unius
1225 2183 1449 2249 tantummodo
1472 2183 1620 2249 laterculi
1643 2182 1739 2269 copia
1761 2180 1867 2263 fuerit,
1891 2182 1998 2267 spatia

338 2286 372 2351 in
395 2286 506 2351 Iudice
531 2288 696 2352 enuntiata
720 2286 836 2353 eadem
859 2287 928 2353 fere
952 2294 1025 2353 sunt
1048 2294 1145 2375 atque
1168 2288 1242 2354 libri
1265 2289 1471 2354 Pontifiealis.
1519 2287 1586 2352 Sed
1609 2308 1681 2353 cum
1704 2286 1854 2351 differant
1877 2284 1997 2350 Indicis

339 2390 542 2477 exemplaria
569 2392 750 2477 antiquiora
778 2414 798 2457 a
820 2394 1056 2458 recentioribus
1080 2400 1113 2458 et
1141 2395 1245 2480 magis
1275 2395 1448 2480 corruptis,
1473 2393 1648 2479 quaeritur,
1672 2391 1712 2456 ad
1734 2397 1823 2455 utros
1845 2410 1998 2455 numeres

338 2493 539 2560 Pontifiealis
573 2496 773 2583 exemplaria
800 2518 872 2562 sese
904 2498 1084 2584 applicent,
1116 2499 1195 2562 item
1227 2496 1268 2562 de
1301 2499 1412 2585 paucis
1434 2497 1533 2579 loeis,
1560 2495 1616 2562 ubi
1638 2494 1836 2559 Pontifiealis
1858 2493 1931 2558 libri
1954 2493 1996 2558 ab

338 2597 450 2664 Indice
472 2599 644 2681 recedunt,
668 2602 834 2685 quaeritur
856 2601 933 2686 quid
956 2601 1162 2667 statuendum
1186 2603 1235 2667 sit.
1282 2601 1364 2668 Inde
1387 2601 1631 2667 observationes
1655 2599 1837 2664 efficiuntur
1859 2598 1938 2663 hae:

483 2720 524 2786 K
547 2728 581 2786 et
608 2743 692 2808 quae
719 2724 753 2788 in
782 2724 843 2790 hac
871 2731 966 2812 parte
995 2746 1067 2791 cum
1096 2746 1137 2790 ea
1164 2725 1340 2791 concordat
1369 2723 1568 2790 Pontificalis
1590 2723 1630 2788 cl.
1651 2721 1704 2787 ΙΙΙ
1727 2727 1905 2807 sequuntur
1926 2720 1996 2785 fere

546 2824 666 2891 Indicis
687 2847 839 2894 numeros
861 2829 1068 2914 antiquiores.
1106 2828 1158 2893 Ita
1181 2827 1347 2915 Simplicio
1364 2826 1434 2912 (49)
1458 2847 1604 2892 mensem
1627 2825 1749 2890 nullum
1774 2823 1852 2889 dant
1873 2823 1996 2890 indices

542 2929 621 2994 boni
648 2934 728 2996 1-6
757 2939 792 2998 et
821 2933 1023 2998 Pontifiealie
1047 2932 1087 2997 cl.
1110 2931 1174 3016 III,
1205 2954 1248 2997 m.
1269 2932 1286 2996 Ι
1308 2930 1431 2997 iudices
1461 2929 1640 2996 deteriores
1664 2931 1747 2993 7-9
1776 2935 1809 2994 et
1832 2929 1995 3016 epitomae

542 3031 615 3097 Fr
632 3039 666 3098 et
688 3035 726 3099 el.
751 3034 779 3102 l.
801 3035 851 3107 11;
884 3035 1021 3121 Pelagio
1046 3033 1158 3122 1161)
1189 3056 1217 3099 a.
1234 3034 1304 3100 IIII
1331 3033 1450 3099 Iudicis
1481 3033 1682 3120 exemplaria
1708 3033 1816 3097 omnia
1845 3040 1878 3098 et
1900 3033 1940 3098 K
1963 3039 1996 3098 et

543 3136 582 3202 ol.
598 3136 660 3220 lIl,
684 3159 713 3204 a.
727 3138 777 3203 XI
801 3140 839 3204 el.
856 3139 883 3204 Ι.
899 3139 951 3215 lI;
974 3138 1160 3204 Deusdedit
1185 3138 1255 3204 dies
1277 3138 1342 3203 XX
1365 3137 1472 3204 Index
1495 3144 1529 3204 et
1544 3139 1583 3202 K
1597 3143 1631 3203 et
1652 3139 1690 3203 el.
1704 3136 1768 3220 III,
1793 3137 1862 3203 dies
1878 3137 1996 3203 XXIII

543 3241 745 3307 diest

472 3360 513 3443 F,
543 3362 598 3448 qui
618 3383 683 3427 non
704 3364 806 3429 habet
827 3365 888 3429 nisi
916 3365 1021 3450 spatia
1043 3368 1182 3446 37-56,
1208 3364 1241 3428 in
1268 3364 1318 3429 his
1347 3385 1476 3452 quoque
1505 3366 1650 3452 sequitur
1678 3363 1796 3430 Indicis
1826 3363 1995 3450 exemplar

544 3466 676 3553 aliquod
706 3467 859 3534 deterius.
907 3468 1068 3562 Notabilis
1096 3475 1147 3533 est
1174 3488 1349 3533 censemus
1378 3470 1541 3556 epitomae
1565 3469 1659 3534 huius
1682 3490 1754 3535 eum
1776 3467 1926 3533 indice8
1960 3468 1994 3532 in

542 3570 654 3637 Felice
677 3570 725 3636 IV
749 3572 829 3657 (56).

484 3691 522 3756 el.
546 3691 563 3755 l
586 3698 620 3757 et
642 3692 676 3757 II
699 3692 906 3774 concordant,
929 3699 965 3758 ut
987 3693 1086 3759 modo
1102 3693 1251 3763 vidimus.
1274 3693 1307 3757 in
1331 3693 1493 3758 erroribus
1515 3693 1623 3773 meris,
1647 3692 1759 3779 quales
1780 3690 1993 3757 indicavimus

542 3795 575 3859 in
601 3795 777 3882 Pelagiol
807 3803 841 3861 et
868 3796 1067 3865 Deuadedit:
1097 3796 1183 3862 unde
1218 3796 1379 3882 colligitur
1410 3817 1468 3861 eos
1497 3816 1623 3861 errores
1655 3796 1844 3860 commissos
1873 3816 1944 3861 esse
1974 3819 2019 3875 a,

543 3899 698 3986 scriptore
715 3899 884 3987 archetypi
902 3902 1099 3967 recensionis
1119 3901 1306 3988 posterioris
1320 3901 1493 3965 translatos
1506 3899 1582 3965 inde
1602 3899 1635 3963 in
1657 3899 1794 3965 classem
1810 3905 1991 3987 utramque.

440 4033 494 4101 Ad
527 4037 769 4125 chronologiam
799 4040 1025 4127 episcoporum
1047 4040 1269 4105 Romanorum
1300 4037 1511 4104 ordinandam
1534 4038 1735 4104 Pontificalis
1761 4037 1844 4102 liber
1871 4038 1992 4103 inutilis

335 4143 403 4221 est,
437 4141 463 4205 si
495 4143 664 4229 exceperis
696 4144 924 4231 supplementa
958 4144 1000 4210 ad
1028 4143 1208 4230 explendos
1236 4143 1342 4208 hiatus
1371 4142 1511 4227 catalogi
1538 4141 1703 4207 Liberiani
1734 4142 1929 4228 pertinentia
1959 4148 1993 4207 et

335 4248 521 4328 praeterea,
552 4252 589 4311 ut
617 4253 868 4313 consentaneum
898 4255 964 4329 est,
993 4248 1094 4335 partis
1117 4247 1306 4333 posterioris
1329 4246 1434 4332 spatia
1458 4267 1500 4311 ex
1527 4251 1620 4332 parte
1648 4247 1716 4310 sine
1741 4244 1838 4310 dubio
1861 4266 1926 4310 non
1949 4267 1992 4310 ex

336 4344 494 4413 laterculo
517 4349 626 4436 aliquo
641 4351 674 4415 in
689 4351 915 4416 Pontifiealem
937 4351 1054 4417 librum
1078 4352 1244 4433 translata,
1268 4349 1327 4415 sed
1349 4351 1381 4415 in
1398 4351 1587 4415 Pontifieale
1604 4369 1720 4434 eorpus
1743 4349 1784 4414 ab
1801 4349 1991 4435 aequalibus

334 4449 439 4513 relata
462 4458 496 4517 et
524 4451 600 4517 inde
623 4453 693 4519 fere
722 4455 763 4519 ad
793 4454 967 4520 laterculos
997 4455 1138 4523 adiecta.
1182 4456 1220 4520 In
1251 4455 1382 4541 reliquis
1405 4453 1448 4519 ad
1479 4455 1724 4541 episcopatuum
1753 4455 1858 4540 spatia
1881 4453 2000 4519 deter-

334 4551 488 4618 minanda
510 4554 711 4623 redeundum
735 4565 785 4624 est
813 4559 855 4623 ad
885 4558 966 4624 duos
992 4560 1167 4625 laterculos
1190 4559 1386 4646 primitivos,
1415 4578 1458 4623 ex
1482 4557 1597 4644 quibus
1619 4556 1820 4622 Pontificalis
1843 4564 1991 4623 auctores

336 4661 371 4719 et
393 4654 594 4724 ordinatores
616 4661 770 4746 pendent.
816 4660 941 4749 Spretis
964 4663 1106 4728 fontibus
1129 4661 1311 4750 purioribus
1341 4662 1395 4748 qui
1425 4682 1469 4726 ex
1490 4660 1552 4726 hoc
1575 4659 1703 4725 turbido
1726 4661 1799 4727 lacu
1828 4661 1990 4745 hauriunt,

334 4758 401 4927 plilpi
428 4759 562 4930 aIlJiisqtpp
592 4765 708 4830 melius
734 4767 903 4832 consulent
929 4767 1128 4832 abatiaentes
1154 4767 1188 4832 in
1219 4765 1317 4831 rebus
1349 4765 1552 4830 saeculorum
1576 4765 1719 4853 priorum
1749 4764 1949 4851 explicandis
1971 4787 1992 4831 a

348 4862 418 4927 ’ro
470 4866 534 4929 on'
560 4867 631 4932 cali.

848 5144 1142 5211 INTERVALLA
1164 5142 1481 5211 EPISOOPATVS.

437 5278 688 5347 intervallorum
714 5283 921 5372 episcopatus
943 5284 1022 5351 sade
1044 5285 1129 5350 inter
1143 5284 1311 5371 pontifices
1327 5283 1409 5348 duos
1424 5288 1561 5348 vacante
1585 5282 1671 5347 solus
1693 5281 1777 5347 liber
1798 5285 1991 5368 pontifioahs

334 5403 503 5448 recensum
527 5386 688 5471 proponit,
712 5384 754 5450 ad
773 5387 916 5474 singulas
937 5390 1021 5454 vites
1045 5396 1193 5454 extremo
1215 5389 1287 5453 loeo
1307 5387 1465 5452 adnotans
1484 5387 1588 5474 spatia
1604 5387 1809 5474 episcopatus
1825 5390 1989 5454 cessantis.

333 5485 543 5552 Latereulum
565 5485 641 5551 inde
665 5487 816 5554 effectum
840 5492 963 5558 subieci
986 5493 1133 5579 repetitis
1155 5493 1188 5556 in
1211 5512 1251 5556 eo
1275 5513 1404 5578 quoque
1426 5491 1502 5557 inda
1525 5491 1567 5557 ab
1591 5513 1631 5557 ee
1655 5498 1818 5579 tempore,
1842 5514 1905 5580 quo
1929 5495 1988 5559 ali-

335 5609 432 5676 quam
460 5591 632 5656 utilitatem
662 5592 784 5658 habere
807 5595 979 5682 incipiunt,
1002 5597 1114 5682 spatiis
1138 5595 1364 5682 episcoporum
1387 5594 1429 5660 ad
1452 5597 1726 5681 computationem
1748 5597 1817 5661 fere
1840 5596 1989 5663 Duehes·

332 5693 462 5759 nianrun
483 5693 537 5780 (cl.
552 5716 584 5782 p.
600 5694 728 5782 XLH);
759 5718 832 5763 nam
861 5699 903 5764 de
925 5699 1103 5765 intervallis
1125 5698 1278 5764 iudicium
1301 5699 1377 5764 ferri
1398 5720 1464 5765 non
1486 5706 1596 5788 potest
1617 5701 1678 5766 nisi
1701 5701 1813 5787 spatiis
1836 5701 1988 5791 adsump-

436 5828 512 5869 umrn
527 5830 701 5870 murnianus
717 5832 733 5871 ι.
1765 5825 1784 5876 h
