4658 6576
473 439 540 496 VIII
1164 440 1447 498 Paouuuouuun.

474 613 557 678 haec
579 636 639 701 per
661 621 765 680 totum
789 617 953 679 saeculum
979 617 1118 702 primum
1141 617 1195 681 vix
1220 615 1366 695 admisit,
1400 622 1487 681 certe
1517 616 1592 681 inde
1616 639 1636 681 a
1658 624 1813 702 vergente
1837 618 1967 681 saeculo
1991 617 2133 681 secundo

474 717 700 804 episcoporum
726 721 794 783 eius
817 721 991 784 laterculus
1015 722 1123 785 extitit
1146 722 1192 785 ita
1215 720 1388 801 formatus,
1418 727 1454 785 ut
1476 721 1610 785 Petrum
1640 743 1705 785 non
1736 723 1841 785 solum
1865 723 2021 786 ccclesiae
2045 723 2133 787 urbis

474 823 600 887 Romae
625 831 806 888 creatorem
831 824 964 906 faceret,
988 824 1047 889 sed
1069 826 1148 890 item
1164 823 1365 890 conditorem
1383 826 1589 912 episcopatus
1611 827 1783 912 singularis
1807 833 1840 890 ot
1863 826 1904 890 ab
1922 847 1961 889 eo
1977 827 2133 912 incipiens

475 926 663 990 decurreret
692 926 735 990 ad
757 934 905 1014 tempora
933 930 1122 1014 posteriora.
1168 929 1365 1015 Temporum
1394 950 1523 1015 quoque
1551 931 1658 1016 spatia
1686 929 1728 994 ad
1755 931 1881 1015 singula
1907 930 2038 995 nomina
2067 931 2132 995 iam

474 1052 515 1094 ea
544 1036 653 1095 aetate
684 1030 847 1117 adscripta
877 1032 974 1097 fuisse
1002 1053 1068 1097 non
1097 1032 1278 1108 dubitatur;
1314 1033 1412 1097 etiam
1443 1055 1495 1097 res
1529 1040 1653 1118 gestas,
1690 1034 1813 1097 scilicet
1845 1055 1928 1119 quae
1962 1035 2133 1099 ecclesiam

474 1141 659 1218 tangerent,
690 1156 710 1198 a
733 1136 895 1200 laterculis
917 1158 982 1201 non
1009 1158 1140 1223 prorsus
1168 1137 1287 1202 afuisse
1310 1138 1483 1202 verisimile
1508 1144 1567 1202 est.
1613 1137 1797 1203 Primitivus
1825 1138 1877 1202 hic
1907 1139 2132 1224 cpiscoporum

474 1239 692 1303 Romanorum
730 1240 829 1304 index
863 1240 1106 1306 fundamentum
1142 1247 1191 1305 ost
1224 1242 1360 1306 vitarum
1394 1242 1580 1327 pontificum
1615 1242 1835 1306 Romanorum
1870 1242 2012 1329 corporis
2046 1241 2133 1326 quod

475 1342 601 1406 edimus
623 1344 957 1428 pseudo-Damasiani
982 1346 1040 1426 (sic
1064 1347 1150 1410 enirn
1173 1346 1440 1433 appellabimus);
1464 1348 1586 1412 scilicet
1608 1348 1738 1412 nomIna
1761 1348 1830 1412 eius
1846 1354 1880 1411 et
1904 1346 2008 1432 spatia
2031 1352 2067 1409 ut
2090 1367 2133 1409 ex

474 1453 567 1531 parte
585 1448 701 1511 ficticia
717 1454 800 1530 sunt,
823 1450 869 1512 ita
892 1450 934 1513 ab
958 1451 1178 1536 antiquissimo
1200 1450 1256 1515 illo
1280 1451 1436 1516 laterculo
1458 1469 1523 1515 non
1545 1449 1702 1516 recedunt
1720 1451 1781 1517 nIsi
1795 1473 1858 1519 uno
1874 1452 1957 1531 loco,
1980 1450 2129 1514 nimirum

475 1551 529 1636 qui
552 1552 692 1615 nuncin
714 1551 820 1617 indice
844 1554 972 1639 quintus
1000 1560 1050 1618 est
1072 1554 1286 1635 Anencletus,
1315 1576 1388 1619 eum
1420 1561 1546 1619 constat
1573 1555 1725 1620 effectum
1748 1576 1819 1620 esse
1843 1576 1886 1619 er
1908 1554 2037 1618 nomine
2062 1554 2132 1638 epi·

476 1656 565 1739 scopi
588 1655 673 1718 tertii
697 1654 781 1719 Oleti
804 1656 889 1720 male
906 1657 1072 1740 geminato
1097 1664 1130 1720 et
1145 1657 1325 1722 immutato.
1372 1656 1439 1722 sed
1455 1659 1613 1723 ecclesiae
1628 1658 1798 1723 Romanae
1814 1656 1990 1744 primordia
2007 1658 2132 1741 episco-

474 1759 561 1844 palia
577 1758 819 1823 difficultatibus
834 1761 943 1824 multis
959 1766 993 1824 et
1008 1760 1160 1845 gravibus
1177 1761 1319 1825 obnoxia
1336 1762 1398 1826 hoc
1420 1764 1493 1827 loco
1509 1784 1574 1827 non
1589 1763 1837 1848 explicabuntur
1848 1761 1890 1849 ¹);
1913 1762 2011 1825 alium
2027 1762 2132 1824 locum

475 1869 508 1926 et
533 1863 724 1948 ampliorem
747 1884 787 1927 ca
810 1864 870 1928 sibi
893 1865 1058 1949 postulant
1080 1870 1178 1950 atque
1205 1866 1441 1950 praefationem
1465 1867 1592 1951 corpori
1607 1868 1744 1931 vitarum
1768 1868 1994 1952 cpiscoporum
2021 1886 2132 1930 eorum

474 1989 533 2054 per
554 1966 652 2031 medii
683 1967 755 2032 aevi
785 1968 937 2032 tenebras
961 1969 1137 2053 composito
1168 1969 1449 2054 praemittendam.
1495 1970 1601 2035 Missis
1628 1972 1726 2056 igitur
1748 1972 1880 2057 reliquis
1903 1971 2133 2055 episcoporum

473 2071 692 2136 Romanorum
716 2072 879 2137 laterculis
903 2078 970 2136 tam
991 2073 1112 2137 inserto
1144 2074 1299 2138 chronicis
1325 2073 1459 2139 Eusebii
1490 2081 1523 2139 et
1555 2074 1748 2160 Hieronymi
1775 2095 1872 2161 quam
1902 2094 1982 2159 quos
2010 2072 2134 2136 habent

474 2177 594 2261 scripta
618 2177 836 2241 ecclesiastica
859 2178 933 2259 alia,
957 2178 1160 2242 solummodo
1183 2179 1339 2244 hocloco
1363 2181 1573 2244 tractabimus
1594 2180 1717 2245 indices
1734 2181 1872 2245 vitarum
1889 2176 1970 2242 duos
1987 2198 2132 2241 seorsum

474 2279 608 2343 traditos
634 2280 696 2344 hoc
719 2287 829 2345 nostro
853 2302 989 2367 corpore
1009 2281 1362 2368 pseudo-Damasiano
1389 2285 1569 2349 anteriores
1595 2290 1629 2348 et
1655 2285 1743 2369 ipsos
1769 2285 1802 2348 in
1828 2283 1861 2347 id
1885 2288 2050 2367 receptos;
2075 2280 2132 2346 ad-

473 2386 644 2469 iungemus
666 2386 744 2449 item
768 2385 984 2468 fragmentum
1009 2386 1150 2472 corporis
1173 2387 1312 2451 vitarum
1327 2386 1525 2452 Damasiano
1542 2387 1653 2452 similis
1676 2389 1717 2453 ab
1741 2387 1802 2452 hoc
1824 2409 1889 2452 non
1905 2385 2133 2471 separandum.

577 2488 751 2575 Antiquior
773 2488 910 2553 duorum
932 2488 1073 2554 indicum
1095 2491 1224 2554 illorum
1246 2491 1273 2554 is
1289 2489 1417 2556 videtur
1439 2511 1522 2573 esse,
1547 2493 1601 2578 qui
1623 2512 1688 2556 non
1709 2492 1810 2556 habet
1831 2492 1892 2555 nisi
1915 2490 2003 2555 nuda
2025 2491 2132 2576 ponti-

473 2594 570 2657 ficum
594 2593 723 2656 nomina
754 2613 930 2678 eorumque
963 2594 1069 2678 spatia
1092 2615 1151 2679 per
1174 2615 1274 2658 annos
1297 2615 1425 2659 menses
1449 2594 1527 2661 dics.
1572 2594 1718 2660 Iudicem
1750 2595 1810 2680 (sic
1840 2595 1925 2660 enim
1947 2593 2034 2659 nude
2058 2616 2133 2658 eum

475 2694 691 2783 appellamus)
715 2695 917 2760 tradiderunt
945 2717 1081 2783 corpora
1109 2698 1372 2762 constitutionum
1404 2700 1693 2765 ecclesiasticarum
1722 2721 1741 2763 a
1771 2706 1865 2764 sexto
1893 2698 1969 2763 inde
2001 2700 2132 2764 sacculo

473 2802 593 2888 passim
616 2801 806 2886 compilata;
839 2798 898 2865 scd
924 2801 1094 2887 probabile
1122 2808 1171 2866 est
1195 2823 1269 2866 eum
1291 2805 1392 2867 multo
1416 2809 1491 2869 ante
1522 2804 1680 2869 conscribi
1703 2810 1855 2889 coeptum
1880 2823 1967 2884 esse,
1992 2803 2131 2867 fortasse

476 2913 543 2971 tum
567 2927 639 2970 cum
664 2905 802 2970 ecclesia
824 2905 973 2968 Romana
995 2926 1054 2990 pro
1078 2902 1208 2971 Graeca
1228 2906 1378 2970 Latinam
1400 2907 1545 2994 linguam
1567 2906 1745 2993 adoptavit.
1784 2905 1929 2971 Iudicem
1953 2927 2026 2970 eum
2051 2906 2134 2970 infra

473 3013 519 3096 (p.
543 3007 817 3093 XXXIII—XL)
840 3008 873 3072 in
896 3014 1036 3072 tractatu
1059 3007 1100 3073 de
1124 3009 1308 3074 auctoribus
1331 3010 1374 3074 ad
1396 3032 1513 3097 corpus
1528 3010 1761 3076 Damasianum
1784 3008 2051 3076 conscribendum
2073 3009 2133 3074 ad-

473 3114 582 3178 hibitis
605 3112 763 3178 edidimus
786 3113 1007 3195 coniunctum,
1038 3113 1094 3177 ubi
1122 3113 1201 3177 item
1225 3112 1272 3199 (p.
1289 3113 1600 3201 XXIX-XXXII)
1623 3115 1778 3180 librorum
1807 3115 1860 3201 qui
1884 3135 1958 3178 eum
1981 3135 2132 3179 servare-

473 3222 547 3282 runt
569 3237 737 3281 recensum
769 3215 897 3297 damus,
929 3214 1221 3304 adscripsimusque
1245 3224 1416 3303 praeterea
1446 3217 1488 3282 ad
1511 3219 1653 3305 singulas
1676 3218 1818 3305 corporis
1842 3218 2027 3283 Damasiani
2049 3217 2132 3282 vitas

472 3323 579 3410 spatia
600 3321 633 3385 in
656 3341 695 3385 eo
720 3319 847 3385 tradita.

577 3424 697 3490 Certae
720 3425 837 3490 aetatis
859 3424 1036 3490 laterculus
1058 3424 1218 3491 secundus
1242 3431 1292 3492 est
1313 3426 1451 3491 insertus
1475 3426 1753 3513 chronographiae
1769 3427 1914 3492 urbanae
1931 3425 2132 3510 conscriptae

473 3531 533 3596 sub
557 3528 766 3594 Constantino
789 3529 806 3593 I
829 3549 857 3593 a.
875 3531 948 3611 334,
972 3531 1178 3595 continuatae
1201 3531 1260 3596 sub
1285 3529 1472 3596 Constantio
1495 3529 1531 3594 II
1553 3530 1596 3594 ad
1619 3551 1648 3597 a.
1665 3535 1744 3614 354,
1777 3531 1890 3596 finiens
1918 3531 1951 3594 in
1980 3530 2134 3617 episcopo

474 3641 543 3699 tum
573 3633 708 3698 sedente
738 3632 888 3716 Liberio,
916 3654 936 3698 a
967 3655 1031 3720 quo
1059 3655 1180 3699 nomen
1208 3635 1307 3702 traxit
1332 3635 1430 3700 hodie
1461 3641 1651 3721 usurpatum
1680 3634 1855 3701 Liberiani.
1902 3634 2040 3699 Praeter
2069 3633 2133 3698 alia

474 3737 688 3804 communiter
704 3737 796 3801 utilia
814 3738 1018 3802 continentur
1035 3759 1075 3803 eo
1095 3739 1261 3825 complura
1283 3740 1464 3825 spectantia
1482 3738 1525 3803 ad
1543 3739 1657 3804 urbem
1673 3739 1827 3804 Romam:
1848 3739 2023 3803 laterculus
2038 3758 2135 3823 prae·

476 3844 633 3909 lectorum
656 3842 737 3925 urbi,
762 3842 832 3907 dies
855 3842 1094 3930 depositionum
1117 3845 1343 3931 episcoporum
1368 3845 1437 3909 eius
1460 3843 1596 3909 aLucio
1619 3844 1661 3909 ad
1683 3845 1811 3924 Iulium,
1836 3844 1949 3908 feriale
1974 3842 2133 3906 ecclesiae

474 3948 662 4027 Romanae,
693 3946 867 4011 laterculus
899 3948 1124 4033 episcoporum
1153 3969 1225 4014 cum
1255 3949 1367 4035 spatiis
1397 3949 1462 4013 suis
1492 3948 1676 4034 gestisque,
1707 3948 1846 4035 denique
1871 3945 2021 4012 chronica
2047 3944 2135 4008 urbis

475 4053 601 4117 Romae
630 4050 860 4135 imperatoriae
896 4051 1100 4137 potissimum
1134 4053 1251 4116 aetatis
1283 4050 1412 4136 digesta
1442 4051 1484 4115 ad
1510 4053 1743 4137 imperatorum
1777 4059 1935 4136 ternpore.
1988 4047 2143 4129 Chronos

476 4155 612 4242 graphia
633 4159 703 4217 tota
726 4174 799 4218 cum
827 4155 915 4220 edita
945 4157 987 4221 sit
1015 4156 1048 4220 in
1077 4156 1182 4243 primo
1210 4156 1374 4220 volumine
1403 4154 1625 4221 chronicorum
1655 4161 1836 4220 nostrorum
1859 4154 2032 4231 minorum,
2065 4153 2134 4238 epi-

476 4278 647 4345 scoporum
670 4277 839 4321 recensum
861 4256 897 4341 (l.
914 4279 940 4322 c.
964 4280 996 4344 p.
1014 4259 1157 4344 73-76)
1185 4279 1250 4323 non
1272 4259 1449 4344 repetimus
1471 4258 1689 4340 coniunctum,
1720 4256 1778 4322 sed
1806 4263 1840 4322 et
1867 4257 1899 4321 in
1931 4261 2071 4319 tractatu
2094 4255 2134 4321 dc

477 4362 588 4449 spatiis
616 4361 842 4447 episcoporum
869 4359 967 4447 (infra
997 4384 1028 4448 p.
1050 4361 1352 4448 XLIII-XLVII)
1381 4361 1555 4426 Liberiana
1587 4383 1658 4426 curn
1687 4363 1818 4448 reliquis
1842 4360 2080 4447 composuimus
2103 4366 2136 4424 et

476 4470 581 4554 ipsum
598 4467 783 4552 catalogum
806 4465 1007 4531 adnotationi
1029 4474 1158 4531 nostrae
1181 4468 1344 4553 integrum
1367 4466 1558 4531 inseruimus
1581 4464 1623 4529 ad
1644 4467 1786 4551 singulos
1804 4467 1973 4553 episcopos
1989 4463 2133 4530 divisum.

582 4568 710 4656 Oorpus
732 4571 887 4651 vitarum,
912 4569 998 4657 quod
1022 4570 1162 4635 diximus
1184 4571 1288 4635 simile
1311 4590 1383 4635 esse
1406 4569 1611 4647 Damasisni,
1642 4570 1735 4635 nobis
1759 4571 1961 4657 appellatum
1985 4569 2134 4655 Symma-

478 4675 637 4755 chianum,
660 4694 724 4738 nou
746 4674 907 4760 integrum
931 4674 973 4739 ad
995 4695 1053 4739 nos
1076 4675 1234 4760 pervenit.
1273 4673 1423 4739 Servavit
1444 4679 1571 4760 partem
1594 4673 1664 4738 eius
1685 4680 1867 4738 extremam
1890 4673 1995 4738 codex
2018 4673 2134 4737 biblio·

477 4777 593 4842 thecae
610 4778 794 4864 capitularis
805 4776 1004 4842 Veronensis
1026 4798 1056 4842 n.
1073 4777 1174 4842 XXII
1190 4776 1261 4863 (20)
1284 4797 1368 4842 saec.
1381 4776 1431 4841 VI
1452 4778 1560 4863 potius
1577 4796 1674 4862 quam
1690 4775 1764 4840 VII.
1803 4776 1986 4841 Deficiente
2004 4782 2135 4862 quater-

477 4882 573 4946 nione
605 4882 709 4967 primo
741 4888 775 4946 et
801 4882 905 4969 primo
935 4882 1013 4947 folio
1045 4882 1133 4967 (cum
1164 4882 1292 4965 octavo)
1325 4880 1544 4967 quaternionis
1576 4878 1709 4944 secundi
1742 4880 1886 4947 ciusdem
1918 4878 2136 4967 quaternionis

479 4984 556 5050 folia
573 4985 750 5050 secundum
772 4987 903 5051 tertium
927 4994 1085 5074 quartum,
1109 4988 1198 5052 cuius
1219 4987 1340 5073 pagina
1362 4987 1465 5051 altera
1487 4988 1556 5048 tota
1578 4983 1648 5048 fere
1672 4991 1781 5064 vacat,
1809 4986 1975 5049 continent
1997 4984 2134 5047 vitarum

480 5090 706 5177 episcoporum
722 5091 942 5155 Romanorum
965 5098 1092 5178 partem
1110 5097 1308 5166 extremam3
1331 5090 1363 5155 in
1385 5089 1464 5154 folio
1480 5086 1567 5174 quod
1583 5088 1738 5174 sequitur,
1762 5088 1881 5154 codicis
1896 5087 1993 5153 hodie
2010 5093 2135 5173 quarto,

586 5297 608 5365 ¹)
635 5299 675 5350 De
698 5298 842 5364 originibus
865 5297 989 5350 ecclesiae
1006 5300 1139 5350 Romanae
1162 5304 1189 5349 et
1211 5296 1357 5364 nuperrime
1380 5303 1407 5349 et
1427 5296 1504 5363 plene
1530 5297 1633 5363 egregie
1660 5297 1780 5363 exposuit
1801 5297 1911 5350 Adolfus
1935 5294 2060 5346 Hsmnck
2084 5293 2137 5358 (die

480 5384 586 5436 ttlteeten
604 5383 766 5435 christliche
780 5383 944 5450 Datimapen
960 5384 1017 5434 aad
1034 5383 1075 5435 dic
1087 5383 1211 5451 Aasdeqe
1228 5385 1299 5435 einer
1316 5382 1501 5449 biaebdflieden
1515 5382 1726 5449 Obrcrropraplu'e
1743 5383 1772 5433 in
1783 5382 1850 5434 Rom
1866 5385 1894 5434 in
1911 5382 1977 5434 actis
1994 5380 2137 5431 minoribus

480 5471 625 5522 academiae
644 5466 939 5522 Berolinensisa1892
958 5486 982 5537 p.
996 5468 1146 5531 ert-6583
1170 5469 1340 5522 conferendus
1361 5471 1422 5522 item
1446 5470 1644 5521 commentarius
1662 5470 1800 5522 cardinalis
1823 5471 1954 5523 Francisci
1972 5470 2074 5534 eegnae
2098 5468 2138 5517 ‘de

479 5558 643 5610 successione
660 5559 835 5609 Romanorum
858 5558 1018 5625 pontificum*
1036 5558 1120 5609 editus
1137 5560 1234 5610 Romae
1250 5573 1275 5609 a.
1290 5554 1374 5622 1897).
1409 5557 1461 5608 Mei
1479 5557 1581 5609 labores
1598 5557 1668 5623 quod
1685 5574 1737 5608 non
1759 5564 1812 5608 tam
1835 5556 1977 5623 imperfecti
1999 5562 2139 5607 evaserunt

479 5662 557 5711 quem
579 5643 767 5712 expectandum
785 5644 836 5695 fuit
853 5645 879 5695 in
898 5644 964 5697 libro
982 5643 1157 5696 ecclesiastico
1174 5644 1207 5696 ab
1225 5644 1328 5696 homine
1346 5644 1450 5696 mimine
1468 5644 1641 5697 eadmundum
1659 5644 1792 5707 redemite,
1816 5659 1846 5696 eo
1864 5643 1984 5695 effectum
2001 5648 2049 5704 est,
2069 5638 2138 5705 qnod

480 5731 590 5783 eundem
608 5730 788 5782 Hamaekiubr
807 5730 833 5781 iu
852 5732 952 5799 magnis
970 5731 1130 5796 minutisque
1146 5737 1269 5798 perpetuo
1287 5730 1422 5782 consulere
1439 5729 1521 5797 potui.
