<?xml version="1.0" encoding="UTF-8"?>
<!DOCTYPE html PUBLIC "-//W3C//DTD XHTML 1.0 Transitional//EN"
    "http://www.w3.org/TR/xhtml1/DTD/xhtml1-transitional.dtd">
<html xmlns="http://www.w3.org/1999/xhtml" xml:lang="en" lang="en">
 <head>
  <title>
</title>
<meta http-equiv="Content-Type" content="text/html;charset=utf-8" />
  <meta name='ocr-system' content='tesseract 3.04.00' />
  <meta name='ocr-capabilities' content='ocr_page ocr_carea ocr_par ocr_line ocrx_word'/>
</head>
<body>
  <div class='ocr_page' id='page_1' title='image "./monumentagerman04unkngoog_0071.png"; bbox 0 0 4658 6576; ppageno 0'>
   <div class='ocr_carea' id='block_1_1' title="bbox 388 418 1358 479">
    <p class='ocr_par' dir='ltr' id='par_1_1' title="bbox 388 418 1358 479">
     <span class='ocr_line' id='line_1_1' title="bbox 388 418 1358 479; baseline 0.006 -6"><span class='ocrx_word' id='word_1_1' title='bbox 388 418 477 474; x_wconf 88' lang='lat' dir='ltr'>LXVI</span> <span class='ocrx_word' id='word_1_2' title='bbox 1070 420 1358 479; x_wconf 76' lang='lat' dir='ltr'><strong>Pnonuooullns.</strong></span> 
     </span>
    </p>
   </div>
   <div class='ocr_carea' id='block_1_2' title="bbox 396 592 2048 3277">
    <p class='ocr_par' dir='ltr' id='par_1_2' title="bbox 452 592 1531 889">
     <span class='ocr_line' id='line_1_2' title="bbox 452 592 1531 684; baseline 0.007 -27"><span class='ocrx_word' id='word_1_3' title='bbox 452 592 625 657; x_wconf 89' lang='lat' dir='ltr'>LXVIIII.</span> <span class='ocrx_word' id='word_1_4' title='bbox 648 593 831 658; x_wconf 80' lang='lat' dir='ltr'><strong>Bonifatius</strong></span> <span class='ocrx_word' id='word_1_5' title='bbox 853 594 936 660; x_wconf 92' lang='lat' dir='ltr'><strong>HII:</strong></span> <span class='ocrx_word' id='word_1_6' title='bbox 960 594 1004 660; x_wconf 88' lang='lat' dir='ltr'><strong>ad</strong></span> <span class='ocrx_word' id='word_1_7' title='bbox 1026 595 1159 662; x_wconf 88' lang='lat' dir='ltr'><strong>beatum</strong></span> <span class='ocrx_word' id='word_1_8' title='bbox 1181 596 1315 662; x_wconf 88' lang='lat' dir='ltr'><strong>Petrum</strong></span> <span class='ocrx_word' id='word_1_9' title='bbox 1338 600 1531 684; x_wconf 88' lang='lat' dir='ltr'><strong>apostolum.</strong></span> 
     </span>
     <span class='ocr_line' id='line_1_3' title="bbox 520 695 1442 786; baseline 0.007 -27"><span class='ocrx_word' id='word_1_10' title='bbox 520 695 624 760; x_wconf 90' lang='lat' dir='ltr'>LXX.</span> <span class='ocrx_word' id='word_1_11' title='bbox 648 696 847 762; x_wconf 91' lang='lat' dir='ltr'><strong>Deusdedit:</strong></span> <span class='ocrx_word' id='word_1_12' title='bbox 872 698 913 763; x_wconf 90' lang='lat' dir='ltr'><strong>ad</strong></span> <span class='ocrx_word' id='word_1_13' title='bbox 935 698 1069 764; x_wconf 91' lang='lat' dir='ltr'><strong>beatum</strong></span> <span class='ocrx_word' id='word_1_14' title='bbox 1091 699 1225 764; x_wconf 87' lang='lat' dir='ltr'><strong>Petrum</strong></span> <span class='ocrx_word' id='word_1_15' title='bbox 1249 700 1442 786; x_wconf 89' lang='lat' dir='ltr'><strong>apostolum.</strong></span> 
     </span>
     <span class='ocr_line' id='line_1_4' title="bbox 505 798 1488 889; baseline 0.007 -27"><span class='ocrx_word' id='word_1_16' title='bbox 505 798 629 866; x_wconf 88' lang='lat' dir='ltr'>LXXI.</span> <span class='ocrx_word' id='word_1_17' title='bbox 650 799 832 865; x_wconf 81' lang='lat' dir='ltr'><strong>Bonifatius</strong></span> <span class='ocrx_word' id='word_1_18' title='bbox 847 801 891 866; x_wconf 92' lang='lat' dir='ltr'><strong>V:</strong></span> <span class='ocrx_word' id='word_1_19' title='bbox 916 801 959 866; x_wconf 93' lang='lat' dir='ltr'><strong>ad</strong></span> <span class='ocrx_word' id='word_1_20' title='bbox 980 802 1115 867; x_wconf 87' lang='lat' dir='ltr'><strong>beatum</strong></span> <span class='ocrx_word' id='word_1_21' title='bbox 1138 804 1271 868; x_wconf 88' lang='lat' dir='ltr'><strong>Petrum</strong></span> <span class='ocrx_word' id='word_1_22' title='bbox 1294 804 1488 889; x_wconf 89' lang='lat' dir='ltr'><strong>apostolum.</strong></span> 
     </span>
    </p>

    <p class='ocr_par' dir='ltr' id='par_1_3' title="bbox 487 902 2047 1192">
     <span class='ocr_line' id='line_1_5' title="bbox 487 902 2045 994; baseline 0.002 -27"><span class='ocrx_word' id='word_1_23' title='bbox 487 902 626 968; x_wconf 87' lang='lat' dir='ltr'>LXXII.</span> <span class='ocrx_word' id='word_1_24' title='bbox 649 903 829 970; x_wconf 90' lang='lat' dir='ltr'><strong>Honorius:</strong></span> <span class='ocrx_word' id='word_1_25' title='bbox 853 905 897 970; x_wconf 90' lang='lat' dir='ltr'><strong>ad</strong></span> <span class='ocrx_word' id='word_1_26' title='bbox 918 905 1050 971; x_wconf 89' lang='lat' dir='ltr'><strong>beatum</strong></span> <span class='ocrx_word' id='word_1_27' title='bbox 1072 905 1208 972; x_wconf 89' lang='lat' dir='ltr'><strong>Petrum</strong></span> <span class='ocrx_word' id='word_1_28' title='bbox 1231 908 1414 994; x_wconf 91' lang='lat' dir='ltr'><strong>apostolum</strong></span> <span class='ocrx_word' id='word_1_29' title='bbox 1429 907 1588 990; x_wconf 61' lang='lat' dir='ltr'><strong>Koma,</strong></span> <span class='ocrx_word' id='word_1_30' title='bbox 1617 909 1650 972; x_wconf 93' lang='lat' dir='ltr'><strong>in</strong></span> <span class='ocrx_word' id='word_1_31' title='bbox 1681 909 1817 974; x_wconf 88' lang='lat' dir='ltr'><strong>basilica</strong></span> <span class='ocrx_word' id='word_1_32' title='bbox 1844 908 1933 972; x_wconf 89' lang='lat' dir='ltr'><strong>beati</strong></span> <span class='ocrx_word' id='word_1_33' title='bbox 1957 907 2045 970; x_wconf 90' lang='lat' dir='ltr'><strong>Petri</strong></span> 
     </span>
     <span class='ocr_line' id='line_1_6' title="bbox 654 1007 2047 1097; baseline 0.002 -25"><span class='ocrx_word' id='word_1_34' title='bbox 654 1008 794 1095; x_wconf 89' lang='lat' dir='ltr'><strong>apostoli</strong></span> <span class='ocrx_word' id='word_1_35' title='bbox 813 1007 894 1075; x_wconf 85' lang='lat' dir='ltr'><strong>C⁸E</strong></span> <span class='ocrx_word' id='word_1_36' title='bbox 899 1010 920 1092; x_wconf 85' lang='lat'><strong>¹,</strong></span> <span class='ocrx_word' id='word_1_37' title='bbox 943 1010 1216 1097; x_wconf 90' lang='lat' dir='ltr'><strong>ubisupra1.II</strong></span> <span class='ocrx_word' id='word_1_38' title='bbox 1234 1011 1457 1094; x_wconf 75' lang='lat' dir='ltr'><strong>(interpolator</strong></span> <span class='ocrx_word' id='word_1_39' title='bbox 1469 1013 1595 1077; x_wconf 81' lang='lat' dir='ltr'><strong>ridetur</strong></span> <span class='ocrx_word' id='word_1_40' title='bbox 1608 1013 1701 1076; x_wconf 85' lang='lat' dir='ltr'><strong>verbo</strong></span> <span class='ocrx_word' id='word_1_41' title='bbox 1722 1016 1817 1094; x_wconf 50' lang='lat'><strong>171„</strong></span> <span class='ocrx_word' id='word_1_42' title='bbox 1840 1012 1897 1076; x_wconf 93' lang='lat' dir='ltr'><strong>ubi</strong></span> <span class='ocrx_word' id='word_1_43' title='bbox 1916 1011 2047 1096; x_wconf 89' lang='lat' dir='ltr'><strong>requie·</strong></span> 
     </span>
     <span class='ocr_line' id='line_1_7' title="bbox 652 1112 1172 1192; baseline 0.008 -17"><span class='ocrx_word' id='word_1_44' title='bbox 652 1113 712 1176; x_wconf 93' lang='lat' dir='ltr'><strong>scit</strong></span> <span class='ocrx_word' id='word_1_45' title='bbox 732 1112 890 1178; x_wconf 72' lang='lat' dir='ltr'><strong>rettulisse</strong></span> <span class='ocrx_word' id='word_1_46' title='bbox 911 1114 956 1178; x_wconf 84' lang='lat' dir='ltr'><strong>ad</strong></span> <span class='ocrx_word' id='word_1_47' title='bbox 977 1113 1172 1192; x_wconf 79' lang='lat' dir='ltr'><strong>Horrorium)</strong></span> 
     </span>
    </p>

    <p class='ocr_par' dir='ltr' id='par_1_4' title="bbox 396 1212 2048 3277">
     <span class='ocr_line' id='line_1_8' title="bbox 470 1212 1435 1304; baseline 0.004 -27"><span class='ocrx_word' id='word_1_48' title='bbox 470 1212 628 1279; x_wconf 92' lang='lat' dir='ltr'>LXXIII.</span> <span class='ocrx_word' id='word_1_49' title='bbox 652 1213 839 1280; x_wconf 71' lang='lat' dir='ltr'><strong>severinus:</strong></span> <span class='ocrx_word' id='word_1_50' title='bbox 864 1216 907 1281; x_wconf 91' lang='lat' dir='ltr'><strong>ad</strong></span> <span class='ocrx_word' id='word_1_51' title='bbox 928 1217 1062 1282; x_wconf 89' lang='lat' dir='ltr'><strong>beatum</strong></span> <span class='ocrx_word' id='word_1_52' title='bbox 1085 1218 1220 1283; x_wconf 87' lang='lat' dir='ltr'><strong>Petrum</strong></span> <span class='ocrx_word' id='word_1_53' title='bbox 1242 1217 1435 1304; x_wconf 89' lang='lat' dir='ltr'><strong>apostolum.</strong></span> 
     </span>
     <span class='ocr_line' id='line_1_9' title="bbox 452 1317 1513 1407; baseline 0.005 -26"><span class='ocrx_word' id='word_1_54' title='bbox 452 1317 625 1384; x_wconf 89' lang='lat' dir='ltr'>LXXIIII.</span> <span class='ocrx_word' id='word_1_55' title='bbox 649 1318 812 1384; x_wconf 90' lang='lat' dir='ltr'><strong>Iohannes</strong></span> <span class='ocrx_word' id='word_1_56' title='bbox 833 1320 916 1385; x_wconf 90' lang='lat' dir='ltr'><strong>HII:</strong></span> <span class='ocrx_word' id='word_1_57' title='bbox 941 1320 984 1385; x_wconf 93' lang='lat' dir='ltr'><strong>ad</strong></span> <span class='ocrx_word' id='word_1_58' title='bbox 1006 1322 1140 1386; x_wconf 90' lang='lat' dir='ltr'><strong>beatum</strong></span> <span class='ocrx_word' id='word_1_59' title='bbox 1161 1321 1297 1386; x_wconf 89' lang='lat' dir='ltr'><strong>Petrum</strong></span> <span class='ocrx_word' id='word_1_60' title='bbox 1320 1322 1513 1407; x_wconf 92' lang='lat' dir='ltr'><strong>apostolum.</strong></span> 
     </span>
     <span class='ocr_line' id='line_1_10' title="bbox 492 1421 1457 1512; baseline 0.002 -26"><span class='ocrx_word' id='word_1_61' title='bbox 492 1421 627 1487; x_wconf 88' lang='lat' dir='ltr'>LXXV.</span> <span class='ocrx_word' id='word_1_62' title='bbox 651 1422 860 1489; x_wconf 84' lang='lat' dir='ltr'><strong>Theodoms:</strong></span> <span class='ocrx_word' id='word_1_63' title='bbox 884 1423 928 1489; x_wconf 91' lang='lat' dir='ltr'><strong>ad</strong></span> <span class='ocrx_word' id='word_1_64' title='bbox 951 1424 1083 1490; x_wconf 92' lang='lat' dir='ltr'><strong>beatum</strong></span> <span class='ocrx_word' id='word_1_65' title='bbox 1107 1425 1240 1490; x_wconf 90' lang='lat' dir='ltr'><strong>Petrum</strong></span> <span class='ocrx_word' id='word_1_66' title='bbox 1264 1426 1457 1512; x_wconf 92' lang='lat' dir='ltr'><strong>apostolum.</strong></span> 
     </span>
     <span class='ocr_line' id='line_1_11' title="bbox 471 1523 2048 1615; baseline 0.004 -26"><span class='ocrx_word' id='word_1_67' title='bbox 471 1523 629 1604; x_wconf 79' lang='lat' dir='ltr'>LXXVI.</span> <span class='ocrx_word' id='word_1_68' title='bbox 648 1526 804 1591; x_wconf 87' lang='lat' dir='ltr'><strong>Martinus</strong></span> <span class='ocrx_word' id='word_1_69' title='bbox 818 1527 851 1592; x_wconf 91' lang='lat' dir='ltr'><strong>I:</strong></span> <span class='ocrx_word' id='word_1_70' title='bbox 884 1527 1006 1593; x_wconf 82' lang='lat' dir='ltr'><strong>ibidem</strong></span> <span class='ocrx_word' id='word_1_71' title='bbox 1028 1527 1222 1615; x_wconf 83' lang='lat' dir='ltr'><strong>(Cersonae)</strong></span> <span class='ocrx_word' id='word_1_72' title='bbox 1246 1531 1346 1594; x_wconf 81' lang='lat' dir='ltr'><strong>vitam</strong></span> <span class='ocrx_word' id='word_1_73' title='bbox 1374 1530 1478 1595; x_wconf 87' lang='lat' dir='ltr'><strong>finiuit</strong></span> <span class='ocrx_word' id='word_1_74' title='bbox 1504 1529 1664 1614; x_wconf 87' lang='lat' dir='ltr'><strong>(sepultus</strong></span> <span class='ocrx_word' id='word_1_75' title='bbox 1691 1530 1724 1594; x_wconf 92' lang='lat' dir='ltr'><strong>in</strong></span> <span class='ocrx_word' id='word_1_76' title='bbox 1751 1530 1885 1595; x_wconf 90' lang='lat' dir='ltr'><strong>basilica</strong></span> <span class='ocrx_word' id='word_1_77' title='bbox 1916 1537 2048 1595; x_wconf 87' lang='lat' dir='ltr'><strong>sanctae</strong></span> 
     </span>
     <span class='ocr_line' id='line_1_12' title="bbox 649 1629 1257 1718; baseline 0.005 -24"><span class='ocrx_word' id='word_1_78' title='bbox 649 1629 773 1695; x_wconf 85' lang='lat' dir='ltr'><strong>Mariae</strong></span> <span class='ocrx_word' id='word_1_79' title='bbox 796 1652 926 1718; x_wconf 91' lang='lat' dir='ltr'><strong>semper</strong></span> <span class='ocrx_word' id='word_1_80' title='bbox 947 1633 1079 1717; x_wconf 86' lang='lat' dir='ltr'><strong>virginis</strong></span> <span class='ocrx_word' id='word_1_81' title='bbox 1100 1633 1175 1699; x_wconf 80' lang='lat' dir='ltr'><strong>odd.</strong></span> <span class='ocrx_word' id='word_1_82' title='bbox 1192 1632 1257 1718; x_wconf 86' lang='lat' dir='ltr'>K).</span> 
     </span>
     <span class='ocr_line' id='line_1_13' title="bbox 456 1731 1992 1824; baseline 0.005 -28"><span class='ocrx_word' id='word_1_83' title='bbox 456 1731 627 1797; x_wconf 91' lang='lat' dir='ltr'>LXXVII.</span> <span class='ocrx_word' id='word_1_84' title='bbox 648 1733 815 1819; x_wconf 83' lang='lat' dir='ltr'><strong>Eugenins</strong></span> <span class='ocrx_word' id='word_1_85' title='bbox 838 1736 869 1800; x_wconf 91' lang='lat' dir='ltr'><strong>I:</strong></span> <span class='ocrx_word' id='word_1_86' title='bbox 894 1734 936 1800; x_wconf 90' lang='lat' dir='ltr'><strong>ad</strong></span> <span class='ocrx_word' id='word_1_87' title='bbox 960 1737 1092 1801; x_wconf 90' lang='lat' dir='ltr'><strong>beatum</strong></span> <span class='ocrx_word' id='word_1_88' title='bbox 1114 1735 1250 1801; x_wconf 90' lang='lat' dir='ltr'><strong>Petrum</strong></span> <span class='ocrx_word' id='word_1_89' title='bbox 1272 1738 1455 1823; x_wconf 91' lang='lat' dir='ltr'><strong>apostolum</strong></span> <span class='ocrx_word' id='word_1_90' title='bbox 1478 1736 1527 1824; x_wconf 91' lang='lat' dir='ltr'><strong>(in</strong></span> <span class='ocrx_word' id='word_1_91' title='bbox 1549 1737 1686 1802; x_wconf 91' lang='lat' dir='ltr'><strong>basilica</strong></span> <span class='ocrx_word' id='word_1_92' title='bbox 1708 1737 1797 1801; x_wconf 90' lang='lat' dir='ltr'><strong>beati</strong></span> <span class='ocrx_word' id='word_1_93' title='bbox 1820 1737 1911 1802; x_wconf 87' lang='lat' dir='ltr'><strong>Petri</strong></span> <span class='ocrx_word' id='word_1_94' title='bbox 1925 1736 1992 1821; x_wconf 87' lang='lat' dir='ltr'>K).</span> 
     </span>
     <span class='ocr_line' id='line_1_14' title="bbox 440 1837 1447 1926; baseline 0.003 -26"><span class='ocrx_word' id='word_1_95' title='bbox 440 1837 627 1902; x_wconf 91' lang='lat' dir='ltr'>LXXVIII.</span> <span class='ocrx_word' id='word_1_96' title='bbox 651 1838 848 1903; x_wconf 78' lang='lat' dir='ltr'><strong>Vitalianus:</strong></span> <span class='ocrx_word' id='word_1_97' title='bbox 872 1839 915 1904; x_wconf 91' lang='lat' dir='ltr'><strong>ad</strong></span> <span class='ocrx_word' id='word_1_98' title='bbox 938 1839 1071 1904; x_wconf 87' lang='lat' dir='ltr'><strong>beatum</strong></span> <span class='ocrx_word' id='word_1_99' title='bbox 1093 1840 1229 1905; x_wconf 90' lang='lat' dir='ltr'><strong>Petrum</strong></span> <span class='ocrx_word' id='word_1_100' title='bbox 1252 1842 1447 1926; x_wconf 86' lang='lat' dir='ltr'><strong>apostolum.</strong></span> 
     </span>
     <span class='ocr_line' id='line_1_15' title="bbox 423 1939 1454 2031; baseline 0.004 -27"><span class='ocrx_word' id='word_1_101' title='bbox 423 1939 629 2006; x_wconf 90' lang='lat' dir='ltr'>LXXVIIII.</span> <span class='ocrx_word' id='word_1_102' title='bbox 653 1941 861 2007; x_wconf 89' lang='lat' dir='ltr'><strong>Adeodatus:</strong></span> <span class='ocrx_word' id='word_1_103' title='bbox 884 1943 926 2008; x_wconf 91' lang='lat' dir='ltr'><strong>ad</strong></span> <span class='ocrx_word' id='word_1_104' title='bbox 948 1945 1082 2009; x_wconf 91' lang='lat' dir='ltr'><strong>beatum</strong></span> <span class='ocrx_word' id='word_1_105' title='bbox 1103 1944 1238 2010; x_wconf 89' lang='lat' dir='ltr'><strong>Petrum</strong></span> <span class='ocrx_word' id='word_1_106' title='bbox 1261 1946 1454 2031; x_wconf 92' lang='lat' dir='ltr'><strong>apostolum.</strong></span> 
     </span>
     <span class='ocr_line' id='line_1_16' title="bbox 490 2043 1375 2134; baseline 0.006 -27"><span class='ocrx_word' id='word_1_107' title='bbox 490 2043 628 2111; x_wconf 89' lang='lat' dir='ltr'>LXXX.</span> <span class='ocrx_word' id='word_1_108' title='bbox 650 2045 778 2110; x_wconf 90' lang='lat' dir='ltr'><strong>Donus:</strong></span> <span class='ocrx_word' id='word_1_109' title='bbox 802 2045 844 2111; x_wconf 91' lang='lat' dir='ltr'><strong>ad</strong></span> <span class='ocrx_word' id='word_1_110' title='bbox 867 2047 999 2112; x_wconf 88' lang='lat' dir='ltr'><strong>beatum</strong></span> <span class='ocrx_word' id='word_1_111' title='bbox 1023 2047 1159 2112; x_wconf 89' lang='lat' dir='ltr'><strong>Petrum</strong></span> <span class='ocrx_word' id='word_1_112' title='bbox 1183 2049 1375 2134; x_wconf 92' lang='lat' dir='ltr'><strong>apostolum.</strong></span> 
     </span>
     <span class='ocr_line' id='line_1_17' title="bbox 473 2147 1395 2238; baseline 0.004 -25"><span class='ocrx_word' id='word_1_113' title='bbox 473 2147 629 2215; x_wconf 89' lang='lat' dir='ltr'>LXXXI.</span> <span class='ocrx_word' id='word_1_114' title='bbox 653 2148 800 2234; x_wconf 86' lang='lat' dir='ltr'><strong>Agatho:</strong></span> <span class='ocrx_word' id='word_1_115' title='bbox 825 2150 867 2215; x_wconf 89' lang='lat' dir='ltr'><strong>ad</strong></span> <span class='ocrx_word' id='word_1_116' title='bbox 889 2152 1021 2216; x_wconf 91' lang='lat' dir='ltr'><strong>beatum</strong></span> <span class='ocrx_word' id='word_1_117' title='bbox 1044 2152 1179 2217; x_wconf 89' lang='lat' dir='ltr'><strong>Petrum</strong></span> <span class='ocrx_word' id='word_1_118' title='bbox 1204 2153 1395 2238; x_wconf 90' lang='lat' dir='ltr'><strong>apostolum.</strong></span> 
     </span>
     <span class='ocr_line' id='line_1_18' title="bbox 457 2252 1391 2342; baseline 0.005 -26"><span class='ocrx_word' id='word_1_119' title='bbox 457 2253 629 2317; x_wconf 89' lang='lat' dir='ltr'>LXXXII.</span> <span class='ocrx_word' id='word_1_120' title='bbox 652 2252 723 2317; x_wconf 89' lang='lat' dir='ltr'><strong>Leo</strong></span> <span class='ocrx_word' id='word_1_121' title='bbox 745 2254 794 2318; x_wconf 93' lang='lat' dir='ltr'><strong>II:</strong></span> <span class='ocrx_word' id='word_1_122' title='bbox 819 2253 861 2319; x_wconf 91' lang='lat' dir='ltr'><strong>ad</strong></span> <span class='ocrx_word' id='word_1_123' title='bbox 885 2254 1016 2320; x_wconf 89' lang='lat' dir='ltr'><strong>beatum</strong></span> <span class='ocrx_word' id='word_1_124' title='bbox 1040 2256 1174 2321; x_wconf 88' lang='lat' dir='ltr'><strong>Petrum</strong></span> <span class='ocrx_word' id='word_1_125' title='bbox 1198 2256 1391 2342; x_wconf 89' lang='lat' dir='ltr'><strong>apostolum.</strong></span> 
     </span>
     <span class='ocr_line' id='line_1_19' title="bbox 442 2356 1517 2448; baseline 0.006 -28"><span class='ocrx_word' id='word_1_126' title='bbox 442 2356 632 2422; x_wconf 86' lang='lat' dir='ltr'>LXXXIII.</span> <span class='ocrx_word' id='word_1_127' title='bbox 654 2356 853 2423; x_wconf 81' lang='lat' dir='ltr'><strong>Benedictus</strong></span> <span class='ocrx_word' id='word_1_128' title='bbox 874 2359 921 2424; x_wconf 94' lang='lat' dir='ltr'><strong>II:</strong></span> <span class='ocrx_word' id='word_1_129' title='bbox 945 2360 988 2425; x_wconf 92' lang='lat' dir='ltr'><strong>ad</strong></span> <span class='ocrx_word' id='word_1_130' title='bbox 1009 2361 1142 2426; x_wconf 88' lang='lat' dir='ltr'><strong>beatum</strong></span> <span class='ocrx_word' id='word_1_131' title='bbox 1165 2361 1301 2426; x_wconf 90' lang='lat' dir='ltr'><strong>Petrum</strong></span> <span class='ocrx_word' id='word_1_132' title='bbox 1324 2362 1517 2448; x_wconf 92' lang='lat' dir='ltr'><strong>apostolum.</strong></span> 
     </span>
     <span class='ocr_line' id='line_1_20' title="bbox 421 2460 1472 2552; baseline 0.003 -27"><span class='ocrx_word' id='word_1_133' title='bbox 421 2460 629 2526; x_wconf 86' lang='lat' dir='ltr'>LXXXIIJI.</span> <span class='ocrx_word' id='word_1_134' title='bbox 653 2461 817 2527; x_wconf 89' lang='lat' dir='ltr'><strong>Iohannes</strong></span> <span class='ocrx_word' id='word_1_135' title='bbox 832 2464 877 2527; x_wconf 88' lang='lat' dir='ltr'><strong>V:</strong></span> <span class='ocrx_word' id='word_1_136' title='bbox 901 2463 943 2528; x_wconf 92' lang='lat' dir='ltr'><strong>ad</strong></span> <span class='ocrx_word' id='word_1_137' title='bbox 965 2464 1098 2529; x_wconf 91' lang='lat' dir='ltr'><strong>beatum</strong></span> <span class='ocrx_word' id='word_1_138' title='bbox 1122 2466 1256 2530; x_wconf 87' lang='lat' dir='ltr'><strong>Petrum</strong></span> <span class='ocrx_word' id='word_1_139' title='bbox 1280 2466 1472 2552; x_wconf 90' lang='lat' dir='ltr'><strong>apostolum.</strong></span> 
     </span>
     <span class='ocr_line' id='line_1_21' title="bbox 460 2565 1379 2654; baseline 0.005 -26"><span class='ocrx_word' id='word_1_140' title='bbox 460 2565 629 2630; x_wconf 88' lang='lat' dir='ltr'>LXXXV.</span> <span class='ocrx_word' id='word_1_141' title='bbox 654 2566 783 2630; x_wconf 93' lang='lat' dir='ltr'><strong>Conon:</strong></span> <span class='ocrx_word' id='word_1_142' title='bbox 808 2565 850 2631; x_wconf 92' lang='lat' dir='ltr'><strong>ad</strong></span> <span class='ocrx_word' id='word_1_143' title='bbox 873 2568 1005 2633; x_wconf 89' lang='lat' dir='ltr'><strong>beatum</strong></span> <span class='ocrx_word' id='word_1_144' title='bbox 1028 2568 1161 2633; x_wconf 87' lang='lat' dir='ltr'><strong>Petrum</strong></span> <span class='ocrx_word' id='word_1_145' title='bbox 1185 2570 1379 2654; x_wconf 90' lang='lat' dir='ltr'><strong>apostolum.</strong></span> 
     </span>
     <span class='ocr_line' id='line_1_22' title="bbox 442 2668 1411 2759; baseline 0.003 -26"><span class='ocrx_word' id='word_1_146' title='bbox 442 2668 627 2734; x_wconf 88' lang='lat' dir='ltr'>LXXXVI.</span> <span class='ocrx_word' id='word_1_147' title='bbox 653 2669 800 2755; x_wconf 82' lang='lat' dir='ltr'><strong>Sergius:</strong></span> <span class='ocrx_word' id='word_1_148' title='bbox 825 2672 857 2735; x_wconf 91' lang='lat' dir='ltr'><strong>in</strong></span> <span class='ocrx_word' id='word_1_149' title='bbox 879 2672 1015 2738; x_wconf 89' lang='lat' dir='ltr'><strong>basilica</strong></span> <span class='ocrx_word' id='word_1_150' title='bbox 1037 2673 1127 2738; x_wconf 92' lang='lat' dir='ltr'><strong>beati</strong></span> <span class='ocrx_word' id='word_1_151' title='bbox 1150 2673 1239 2738; x_wconf 88' lang='lat' dir='ltr'><strong>Petri</strong></span> <span class='ocrx_word' id='word_1_152' title='bbox 1262 2673 1411 2759; x_wconf 90' lang='lat' dir='ltr'><strong>apostoli.</strong></span> 
     </span>
     <span class='ocr_line' id='line_1_23' title="bbox 428 2773 1761 2863; baseline -0.001 -25"><span class='ocrx_word' id='word_1_153' title='bbox 428 2773 631 2838; x_wconf 90' lang='lat' dir='ltr'>LXXXVII.</span> <span class='ocrx_word' id='word_1_154' title='bbox 653 2774 894 2840; x_wconf 87' lang='lat' dir='ltr'><strong>IohannesVI:</strong></span> <span class='ocrx_word' id='word_1_155' title='bbox 918 2776 960 2841; x_wconf 90' lang='lat' dir='ltr'><strong>ad</strong></span> <span class='ocrx_word' id='word_1_156' title='bbox 983 2778 1115 2843; x_wconf 87' lang='lat' dir='ltr'><strong>beatum</strong></span> <span class='ocrx_word' id='word_1_157' title='bbox 1138 2778 1273 2843; x_wconf 89' lang='lat' dir='ltr'><strong>Petrum</strong></span> <span class='ocrx_word' id='word_1_158' title='bbox 1296 2777 1479 2863; x_wconf 89' lang='lat' dir='ltr'><strong>apostolum</strong></span> <span class='ocrx_word' id='word_1_159' title='bbox 1496 2777 1545 2853; x_wconf 88' lang='lat' dir='ltr'><strong>II,</strong></span> <span class='ocrx_word' id='word_1_160' title='bbox 1560 2776 1632 2856; x_wconf 89' lang='lat' dir='ltr'>III,</span> <span class='ocrx_word' id='word_1_161' title='bbox 1655 2774 1761 2839; x_wconf 85' lang='lat' dir='ltr'>om.I.</span> 
     </span>
     <span class='ocr_line' id='line_1_24' title="bbox 411 2876 2048 2966; baseline -0.001 -26"><span class='ocrx_word' id='word_1_162' title='bbox 411 2876 632 2941; x_wconf 89' lang='lat' dir='ltr'>LXXXVIII.</span> <span class='ocrx_word' id='word_1_163' title='bbox 656 2877 818 2942; x_wconf 89' lang='lat' dir='ltr'><strong>Iohannes</strong></span> <span class='ocrx_word' id='word_1_164' title='bbox 834 2879 914 2943; x_wconf 88' lang='lat' dir='ltr'><strong>Vll:</strong></span> <span class='ocrx_word' id='word_1_165' title='bbox 939 2879 981 2944; x_wconf 90' lang='lat' dir='ltr'><strong>ad</strong></span> <span class='ocrx_word' id='word_1_166' title='bbox 1003 2881 1136 2945; x_wconf 89' lang='lat' dir='ltr'><strong>beatum</strong></span> <span class='ocrx_word' id='word_1_167' title='bbox 1154 2882 1287 2945; x_wconf 90' lang='lat' dir='ltr'><strong>Petrum</strong></span> <span class='ocrx_word' id='word_1_168' title='bbox 1309 2880 1492 2966; x_wconf 90' lang='lat' dir='ltr'><strong>apostolum</strong></span> <span class='ocrx_word' id='word_1_169' title='bbox 1509 2885 1585 2945; x_wconf 87' lang='lat' dir='ltr'><strong>ante</strong></span> <span class='ocrx_word' id='word_1_170' title='bbox 1605 2880 1707 2943; x_wconf 90' lang='lat' dir='ltr'><strong>altare</strong></span> <span class='ocrx_word' id='word_1_171' title='bbox 1723 2884 1854 2942; x_wconf 88' lang='lat' dir='ltr'><strong>sanctae</strong></span> <span class='ocrx_word' id='word_1_172' title='bbox 1878 2876 1932 2940; x_wconf 89' lang='lat' dir='ltr'><strong>dei</strong></span> <span class='ocrx_word' id='word_1_173' title='bbox 1947 2894 2048 2960; x_wconf 86' lang='lat' dir='ltr'><strong>genc-</strong></span> 
     </span>
     <span class='ocr_line' id='line_1_25' title="bbox 657 2980 1183 3064; baseline 0.008 -20"><span class='ocrx_word' id='word_1_174' title='bbox 657 2980 744 3044; x_wconf 82' lang='lat' dir='ltr'><strong>tricis</strong></span> <span class='ocrx_word' id='word_1_175' title='bbox 759 2980 954 3064; x_wconf 78' lang='lat' dir='ltr'><strong>B²·³·⁴E¹·⁸‚</strong></span> <span class='ocrx_word' id='word_1_176' title='bbox 976 3003 1034 3048; x_wconf 88' lang='lat' dir='ltr'><strong>om.</strong></span> <span class='ocrx_word' id='word_1_177' title='bbox 1057 2983 1183 3064; x_wconf 78' lang='lat' dir='ltr'><strong>reliqui.</strong></span> 
     </span>
     <span class='ocr_line' id='line_1_26' title="bbox 396 3081 1859 3172; baseline 0.001 -26"><span class='ocrx_word' id='word_1_178' title='bbox 396 3082 638 3147; x_wconf 90' lang='lat' dir='ltr'>LXXXVIIII.</span> <span class='ocrx_word' id='word_1_179' title='bbox 661 3081 830 3148; x_wconf 81' lang='lat' dir='ltr'><strong>Sisinnius:</strong></span> <span class='ocrx_word' id='word_1_180' title='bbox 855 3084 898 3149; x_wconf 92' lang='lat' dir='ltr'><strong>ad</strong></span> <span class='ocrx_word' id='word_1_181' title='bbox 919 3086 1053 3151; x_wconf 88' lang='lat' dir='ltr'><strong>beatum</strong></span> <span class='ocrx_word' id='word_1_182' title='bbox 1076 3088 1208 3152; x_wconf 88' lang='lat' dir='ltr'><strong>Petrum</strong></span> <span class='ocrx_word' id='word_1_183' title='bbox 1232 3088 1415 3172; x_wconf 91' lang='lat' dir='ltr'><strong>apostolum</strong></span> <span class='ocrx_word' id='word_1_184' title='bbox 1430 3084 1629 3165; x_wconf 76' lang='lat' dir='ltr'><strong>B²·³·⁴E¹·⁶‚</strong></span> <span class='ocrx_word' id='word_1_185' title='bbox 1652 3106 1712 3151; x_wconf 75' lang='lat' dir='ltr'><strong>orn.</strong></span> <span class='ocrx_word' id='word_1_186' title='bbox 1734 3084 1859 3165; x_wconf 69' lang='lat' dir='ltr'><strong>reticui.</strong></span> 
     </span>
     <span class='ocr_line' id='line_1_27' title="bbox 563 3184 1954 3277; baseline 0.001 -28"><span class='ocrx_word' id='word_1_187' title='bbox 563 3184 635 3251; x_wconf 91' lang='lat' dir='ltr'><strong>XC.</strong></span> <span class='ocrx_word' id='word_1_188' title='bbox 659 3185 901 3254; x_wconf 81' lang='lat' dir='ltr'><strong>Constantinus:</strong></span> <span class='ocrx_word' id='word_1_189' title='bbox 927 3189 970 3254; x_wconf 89' lang='lat' dir='ltr'><strong>ad</strong></span> <span class='ocrx_word' id='word_1_190' title='bbox 991 3190 1125 3255; x_wconf 90' lang='lat' dir='ltr'><strong>beatum</strong></span> <span class='ocrx_word' id='word_1_191' title='bbox 1148 3191 1281 3256; x_wconf 88' lang='lat' dir='ltr'><strong>Petrum</strong></span> <span class='ocrx_word' id='word_1_192' title='bbox 1303 3192 1486 3277; x_wconf 87' lang='lat' dir='ltr'><strong>apostolum</strong></span> <span class='ocrx_word' id='word_1_193' title='bbox 1501 3189 1726 3267; x_wconf 75' lang='lat' dir='ltr'><strong>B²·³·⁴E¹·⁸·²,</strong></span> <span class='ocrx_word' id='word_1_194' title='bbox 1748 3209 1807 3253; x_wconf 89' lang='lat' dir='ltr'><strong>om.</strong></span> <span class='ocrx_word' id='word_1_195' title='bbox 1830 3187 1954 3269; x_wconf 77' lang='lat' dir='ltr'><strong>reliqui.</strong></span> 
     </span>
    </p>
   </div>
   <div class='ocr_carea' id='block_1_3' title="bbox 408 3308 1947 4126">
    <p class='ocr_par' dir='ltr' id='par_1_5' title="bbox 470 3308 1812 3584">
     <span class='ocr_line' id='line_1_28' title="bbox 500 3308 1616 3378; baseline 0.003 -6"><span class='ocrx_word' id='word_1_196' title='bbox 500 3308 620 3373; x_wconf 82' lang='lat' dir='ltr'><strong>Differt</strong></span> <span class='ocrx_word' id='word_1_197' title='bbox 644 3310 819 3375; x_wconf 89' lang='lat' dir='ltr'><strong>laterculus</strong></span> <span class='ocrx_word' id='word_1_198' title='bbox 840 3312 873 3375; x_wconf 93' lang='lat' dir='ltr'><strong>in</strong></span> <span class='ocrx_word' id='word_1_199' title='bbox 896 3310 984 3377; x_wconf 90' lang='lat' dir='ltr'><strong>libris</strong></span> <span class='ocrx_word' id='word_1_200' title='bbox 1001 3311 1065 3377; x_wconf 85' lang='lat' dir='ltr'><strong>PE</strong></span> <span class='ocrx_word' id='word_1_201' title='bbox 1083 3321 1230 3378; x_wconf 82' lang='lat' dir='ltr'><strong>serratus</strong></span> <span class='ocrx_word' id='word_1_202' title='bbox 1252 3334 1272 3378; x_wconf 91' lang='lat' dir='ltr'><strong>a</strong></span> <span class='ocrx_word' id='word_1_203' title='bbox 1294 3312 1475 3378; x_wconf 89' lang='lat' dir='ltr'><strong>Pontificali</strong></span> <span class='ocrx_word' id='word_1_204' title='bbox 1497 3313 1531 3377; x_wconf 91' lang='lat' dir='ltr'><strong>in</strong></span> <span class='ocrx_word' id='word_1_205' title='bbox 1552 3311 1616 3376; x_wconf 85' lang='lat' dir='ltr'><strong>his:</strong></span> 
     </span>
     <span class='ocr_line' id='line_1_29' title="bbox 1056 3413 1812 3499; baseline -0.004 -17"><span class='ocrx_word' id='word_1_206' title='bbox 1056 3416 1178 3499; x_wconf 74' lang='lat' dir='ltr'><strong>Pontifi</strong></span> <span class='ocrx_word' id='word_1_207' title='bbox 1668 3413 1724 3479; x_wconf 85' lang='lat' dir='ltr'><strong>lot.</strong></span> <span class='ocrx_word' id='word_1_208' title='bbox 1747 3433 1812 3494; x_wconf 83' lang='lat' dir='ltr'><strong>sep.</strong></span> 
     </span>
     <span class='ocr_line' id='line_1_30' title="bbox 470 3517 1746 3584; baseline -0.002 0"><span class='ocrx_word' id='word_1_209' title='bbox 470 3519 529 3584; x_wconf 92' lang='lat' dir='ltr'>III.</span> <span class='ocrx_word' id='word_1_210' title='bbox 554 3517 706 3584; x_wconf 88' lang='lat' dir='ltr'><strong>Clemens</strong></span> <span class='ocrx_word' id='word_1_211' title='bbox 761 3519 795 3583; x_wconf 94' lang='lat' dir='ltr'><strong>in</strong></span> <span class='ocrx_word' id='word_1_212' title='bbox 817 3517 952 3584; x_wconf 84' lang='lat' dir='ltr'><strong>Greoias</strong></span> <span class='ocrx_word' id='word_1_213' title='bbox 1432 3520 1465 3584; x_wconf 90' lang='lat' dir='ltr'><strong>in</strong></span> <span class='ocrx_word' id='word_1_214' title='bbox 1487 3519 1588 3584; x_wconf 91' lang='lat' dir='ltr'><strong>Portu</strong></span> <span class='ocrx_word' id='word_1_215' title='bbox 1610 3520 1643 3583; x_wconf 92' lang='lat' dir='ltr'><strong>in</strong></span> <span class='ocrx_word' id='word_1_216' title='bbox 1665 3519 1746 3583; x_wconf 91' lang='lat' dir='ltr'><strong>mari</strong></span> 
     </span>
    </p>

    <p class='ocr_par' dir='ltr' id='par_1_6' title="bbox 455 3617 1947 3710">
     <span class='ocr_line' id='line_1_31' title="bbox 455 3617 1947 3710; baseline -0.005 -22"><span class='ocrx_word' id='word_1_217' title='bbox 455 3623 532 3688; x_wconf 92' lang='lat' dir='ltr'>XII.</span> <span class='ocrx_word' id='word_1_218' title='bbox 556 3621 712 3688; x_wconf 90' lang='lat' dir='ltr'><strong>Anicetus</strong></span> <span class='ocrx_word' id='word_1_219' title='bbox 761 3623 795 3687; x_wconf 95' lang='lat' dir='ltr'><strong>in</strong></span> <span class='ocrx_word' id='word_1_220' title='bbox 810 3623 969 3688; x_wconf 90' lang='lat' dir='ltr'><strong>Vaticano</strong></span> <span class='ocrx_word' id='word_1_221' title='bbox 987 3622 1060 3689; x_wconf 72' lang='grc' dir='ltr'><strong>ΓΚ</strong></span> <span class='ocrx_word' id='word_1_222' title='bbox 1432 3625 1466 3688; x_wconf 94' lang='lat' dir='ltr'><strong>in</strong></span> <span class='ocrx_word' id='word_1_223' title='bbox 1488 3623 1656 3710; x_wconf 89' lang='lat' dir='ltr'><strong>cymiterio</strong></span> <span class='ocrx_word' id='word_1_224' title='bbox 1679 3621 1805 3686; x_wconf 89' lang='lat' dir='ltr'><strong>Callisti</strong></span> <span class='ocrx_word' id='word_1_225' title='bbox 1827 3641 1898 3682; x_wconf 80' lang='lat' dir='ltr'><strong>cam</strong></span> <span class='ocrx_word' id='word_1_226' title='bbox 1915 3617 1947 3682; x_wconf 92' lang='lat' dir='ltr'><em>P</em></span> 
     </span>
    </p>

    <p class='ocr_par' dir='ltr' id='par_1_7' title="bbox 408 3721 1946 4126">
     <span class='ocr_line' id='line_1_32' title="bbox 437 3721 1946 3814; baseline -0.005 -22"><span class='ocrx_word' id='word_1_227' title='bbox 437 3727 533 3792; x_wconf 91' lang='lat' dir='ltr'>XIII.</span> <span class='ocrx_word' id='word_1_228' title='bbox 558 3728 655 3792; x_wconf 85' lang='lat' dir='ltr'><strong>Soter</strong></span> <span class='ocrx_word' id='word_1_229' title='bbox 762 3727 794 3791; x_wconf 94' lang='lat' dir='ltr'><strong>in</strong></span> <span class='ocrx_word' id='word_1_230' title='bbox 810 3726 969 3791; x_wconf 90' lang='lat' dir='ltr'><strong>Vaticano</strong></span> <span class='ocrx_word' id='word_1_231' title='bbox 985 3727 1058 3791; x_wconf 85' lang='lat' dir='ltr'><strong>FK</strong></span> <span class='ocrx_word' id='word_1_232' title='bbox 1434 3729 1467 3792; x_wconf 93' lang='lat' dir='ltr'><strong>in</strong></span> <span class='ocrx_word' id='word_1_233' title='bbox 1490 3727 1656 3814; x_wconf 84' lang='lat' dir='ltr'><strong>cymiterio</strong></span> <span class='ocrx_word' id='word_1_234' title='bbox 1680 3723 1804 3790; x_wconf 77' lang='lat' dir='ltr'><strong>Callisti</strong></span> <span class='ocrx_word' id='word_1_235' title='bbox 1826 3744 1898 3786; x_wconf 76' lang='lat' dir='ltr'><strong>earm</strong></span> <span class='ocrx_word' id='word_1_236' title='bbox 1914 3721 1946 3786; x_wconf 92' lang='lat' dir='ltr'><em>P</em></span> 
     </span>
     <span class='ocr_line' id='line_1_33' title="bbox 408 3829 1922 3918; baseline -0.007 -19"><span class='ocrx_word' id='word_1_237' title='bbox 408 3832 535 3900; x_wconf 89' lang='lat' dir='ltr'>XVIII.</span> <span class='ocrx_word' id='word_1_238' title='bbox 557 3831 708 3897; x_wconf 89' lang='lat' dir='ltr'><strong>Urbanus</strong></span> <span class='ocrx_word' id='word_1_239' title='bbox 764 3833 797 3896; x_wconf 92' lang='lat' dir='ltr'><strong>in</strong></span> <span class='ocrx_word' id='word_1_240' title='bbox 819 3853 901 3917; x_wconf 90' lang='lat' dir='ltr'><strong>cym.</strong></span> <span class='ocrx_word' id='word_1_241' title='bbox 925 3832 1129 3897; x_wconf 84' lang='lat' dir='ltr'><strong>Praetextati</strong></span> <span class='ocrx_word' id='word_1_242' title='bbox 1152 3833 1205 3896; x_wconf 85' lang='lat' dir='ltr'><strong>via</strong></span> <span class='ocrx_word' id='word_1_243' title='bbox 1228 3832 1336 3918; x_wconf 87' lang='lat' dir='ltr'><strong>Appia</strong></span> <span class='ocrx_word' id='word_1_244' title='bbox 1435 3833 1468 3896; x_wconf 92' lang='lat' dir='ltr'><strong>in</strong></span> <span class='ocrx_word' id='word_1_245' title='bbox 1489 3833 1555 3896; x_wconf 91' lang='lat' dir='ltr'><strong>mil.</strong></span> <span class='ocrx_word' id='word_1_246' title='bbox 1570 3830 1619 3896; x_wconf 93' lang='lat' dir='ltr'><strong>VI</strong></span> <span class='ocrx_word' id='word_1_247' title='bbox 1641 3832 1694 3895; x_wconf 83' lang='lat' dir='ltr'><strong>via</strong></span> <span class='ocrx_word' id='word_1_248' title='bbox 1715 3829 1746 3894; x_wconf 86' lang='lat' dir='ltr'>N</span> <span class='ocrx_word' id='word_1_249' title='bbox 1749 3834 1922 3893; x_wconf 87' lang='lat' dir='ltr'><strong>omentana</strong></span> 
     </span>
     <span class='ocr_line' id='line_1_34' title="bbox 420 3935 1642 4023; baseline -0.002 -20"><span class='ocrx_word' id='word_1_250' title='bbox 420 3936 531 4003; x_wconf 87' lang='lat' dir='ltr'>XXII.</span> <span class='ocrx_word' id='word_1_251' title='bbox 555 3935 725 4001; x_wconf 89' lang='lat' dir='ltr'><strong>Cornelius</strong></span> <span class='ocrx_word' id='word_1_252' title='bbox 764 3936 855 3999; x_wconf 86' lang='lat' dir='ltr'><strong>iuxta</strong></span> <span class='ocrx_word' id='word_1_253' title='bbox 878 3937 1080 4023; x_wconf 84' lang='lat' dir='ltr'><strong>cymiterium</strong></span> <span class='ocrx_word' id='word_1_254' title='bbox 1103 3936 1226 4002; x_wconf 80' lang='lat' dir='ltr'><strong>Callisti</strong></span> <span class='ocrx_word' id='word_1_255' title='bbox 1433 3937 1486 4001; x_wconf 82' lang='lat' dir='ltr'><strong>via</strong></span> <span class='ocrx_word' id='word_1_256' title='bbox 1508 3935 1642 4000; x_wconf 91' lang='lat' dir='ltr'><strong>Aurelia</strong></span> 
     </span>
     <span class='ocr_line' id='line_1_35' title="bbox 409 4039 1646 4126; baseline -0.003 -19"><span class='ocrx_word' id='word_1_257' title='bbox 409 4042 533 4107; x_wconf 90' lang='lat' dir='ltr'>XXVI.</span> <span class='ocrx_word' id='word_1_258' title='bbox 557 4040 732 4126; x_wconf 82' lang='lat' dir='ltr'><strong>Dionysius</strong></span> <span class='ocrx_word' id='word_1_259' title='bbox 764 4041 797 4104; x_wconf 94' lang='lat' dir='ltr'><strong>in</strong></span> <span class='ocrx_word' id='word_1_260' title='bbox 819 4041 986 4125; x_wconf 85' lang='lat' dir='ltr'><strong>cymiterio</strong></span> <span class='ocrx_word' id='word_1_261' title='bbox 1010 4040 1134 4107; x_wconf 77' lang='lat' dir='ltr'><strong>Callisti</strong></span> <span class='ocrx_word' id='word_1_262' title='bbox 1436 4042 1489 4105; x_wconf 84' lang='lat' dir='ltr'><strong>via</strong></span> <span class='ocrx_word' id='word_1_263' title='bbox 1511 4039 1646 4105; x_wconf 88' lang='lat' dir='ltr'><strong>Aurelio</strong></span> 
     </span>
    </p>
   </div>
   <div class='ocr_carea' id='block_1_4' title="bbox 217 4137 2053 4231">
    <p class='ocr_par' dir='ltr' id='par_1_8' title="bbox 217 4137 2053 4231">
     <span class='ocr_line' id='line_1_36' title="bbox 217 4137 2053 4231; baseline -0.007 -18"><span class='ocrx_word' id='word_1_264' title='bbox 217 4169 221 4176; x_wconf 90' lang='lat'>·</span> <span class='ocrx_word' id='word_1_265' title='bbox 360 4144 527 4212; x_wconf 89' lang='lat' dir='ltr'>XXXVII</span> <span class='ocrx_word' id='word_1_266' title='bbox 559 4144 709 4208; x_wconf 86' lang='lat' dir='ltr'><strong>Liberius</strong></span> <span class='ocrx_word' id='word_1_267' title='bbox 767 4144 820 4208; x_wconf 84' lang='lat' dir='ltr'><strong>via</strong></span> <span class='ocrx_word' id='word_1_268' title='bbox 832 4143 958 4208; x_wconf 85' lang='lat' dir='ltr'><strong>Salaria</strong></span> <span class='ocrx_word' id='word_1_269' title='bbox 972 4145 1183 4231; x_wconf 86' lang='lat' dir='ltr'><strong>incymiterio</strong></span> <span class='ocrx_word' id='word_1_270' title='bbox 1196 4145 1361 4210; x_wconf 86' lang='lat' dir='ltr'><strong>Priscillae</strong></span> <span class='ocrx_word' id='word_1_271' title='bbox 1437 4144 1479 4208; x_wconf 92' lang='lat' dir='ltr'><strong>ad</strong></span> <span class='ocrx_word' id='word_1_272' title='bbox 1492 4150 1636 4209; x_wconf 87' lang='lat' dir='ltr'><strong>sanctam</strong></span> <span class='ocrx_word' id='word_1_273' title='bbox 1648 4142 1853 4207; x_wconf 82' lang='lat' dir='ltr'><strong>Felicitatem</strong></span> <span class='ocrx_word' id='word_1_274' title='bbox 1866 4137 2053 4204; x_wconf 88' lang='lat' dir='ltr'><strong>vioSolaria</strong></span> 
     </span>
    </p>
   </div>
   <div class='ocr_carea' id='block_1_5' title="bbox 447 4242 2054 4333">
    <p class='ocr_par' dir='ltr' id='par_1_9' title="bbox 447 4242 2054 4333">
     <span class='ocr_line' id='line_1_37' title="bbox 447 4242 2054 4333; baseline -0.007 -18"><span class='ocrx_word' id='word_1_275' title='bbox 447 4248 536 4315; x_wconf 92' lang='lat' dir='ltr'>LXI.</span> <span class='ocrx_word' id='word_1_276' title='bbox 559 4248 699 4333; x_wconf 80' lang='lat' dir='ltr'><strong>Vigilius</strong></span> <span class='ocrx_word' id='word_1_277' title='bbox 768 4246 811 4311; x_wconf 90' lang='lat' dir='ltr'><strong>od</strong></span> <span class='ocrx_word' id='word_1_278' title='bbox 823 4254 968 4313; x_wconf 88' lang='lat' dir='ltr'><strong>sanctum</strong></span> <span class='ocrx_word' id='word_1_279' title='bbox 977 4247 1166 4314; x_wconf 82' lang='lat' dir='ltr'><strong>Marcellum</strong></span> <span class='ocrx_word' id='word_1_280' title='bbox 1178 4249 1231 4314; x_wconf 86' lang='lat' dir='ltr'><strong>via</strong></span> <span class='ocrx_word' id='word_1_281' title='bbox 1243 4248 1369 4314; x_wconf 85' lang='lat' dir='ltr'><strong>Salaria</strong></span> <span class='ocrx_word' id='word_1_282' title='bbox 1436 4249 1468 4313; x_wconf 92' lang='lat' dir='ltr'><strong>in</strong></span> <span class='ocrx_word' id='word_1_283' title='bbox 1491 4247 1658 4333; x_wconf 85' lang='lat' dir='ltr'><strong>cymiterio</strong></span> <span class='ocrx_word' id='word_1_284' title='bbox 1677 4244 1843 4310; x_wconf 88' lang='lat' dir='ltr'><strong>Priscillae</strong></span> <span class='ocrx_word' id='word_1_285' title='bbox 1859 4245 1912 4308; x_wconf 82' lang='lat' dir='ltr'><strong>via</strong></span> <span class='ocrx_word' id='word_1_286' title='bbox 1928 4242 2054 4306; x_wconf 82' lang='lat' dir='ltr'><strong>Salaria</strong></span> 
     </span>
    </p>
   </div>
   <div class='ocr_carea' id='block_1_6' title="bbox 399 4364 2053 4975">
    <p class='ocr_par' dir='ltr' id='par_1_10' title="bbox 399 4364 2053 4975">
     <span class='ocr_line' id='line_1_38' title="bbox 503 4364 2053 4456; baseline -0.005 -23"><span class='ocrx_word' id='word_1_287' title='bbox 503 4369 694 4434; x_wconf 90' lang='lat' dir='ltr'><strong>Latcrculus</strong></span> <span class='ocrx_word' id='word_1_288' title='bbox 716 4371 937 4454; x_wconf 89' lang='lat' dir='ltr'><strong>sepulcrorum</strong></span> <span class='ocrx_word' id='word_1_289' title='bbox 961 4387 1156 4456; x_wconf 87' lang='lat' dir='ltr'><strong>quamquam</strong></span> <span class='ocrx_word' id='word_1_290' title='bbox 1179 4371 1251 4435; x_wconf 90' lang='lat' dir='ltr'><strong>libri</strong></span> <span class='ocrx_word' id='word_1_291' title='bbox 1274 4371 1467 4455; x_wconf 89' lang='lat' dir='ltr'><strong>pontificalis</strong></span> <span class='ocrx_word' id='word_1_292' title='bbox 1483 4368 1645 4433; x_wconf 88' lang='lat' dir='ltr'><strong>secundae</strong></span> <span class='ocrx_word' id='word_1_293' title='bbox 1662 4386 1790 4453; x_wconf 89' lang='lat' dir='ltr'><strong>quoque</strong></span> <span class='ocrx_word' id='word_1_294' title='bbox 1814 4364 1964 4430; x_wconf 86' lang='lat' dir='ltr'><strong>editionis</strong></span> <span class='ocrx_word' id='word_1_295' title='bbox 1987 4369 2053 4427; x_wconf 89' lang='lat' dir='ltr'><strong>ter-</strong></span> 
     </span>
     <span class='ocr_line' id='line_1_39' title="bbox 399 4466 2049 4559; baseline -0.006 -19"><span class='ocrx_word' id='word_1_296' title='bbox 399 4477 502 4540; x_wconf 92' lang='lat' dir='ltr'><strong>minos</strong></span> <span class='ocrx_word' id='word_1_297' title='bbox 529 4471 659 4538; x_wconf 86' lang='lat' dir='ltr'><strong>excedit</strong></span> <span class='ocrx_word' id='word_1_298' title='bbox 687 4472 836 4558; x_wconf 89' lang='lat' dir='ltr'><strong>adeoque</strong></span> <span class='ocrx_word' id='word_1_299' title='bbox 859 4474 891 4537; x_wconf 89' lang='lat' dir='ltr'><strong>in</strong></span> <span class='ocrx_word' id='word_1_300' title='bbox 915 4475 1073 4559; x_wconf 87' lang='lat' dir='ltr'><strong>episcopis</strong></span> <span class='ocrx_word' id='word_1_301' title='bbox 1100 4477 1147 4538; x_wconf 78' lang='lat' dir='ltr'><strong>m.</strong></span> <span class='ocrx_word' id='word_1_302' title='bbox 1170 4479 1205 4538; x_wconf 86' lang='grc'><strong>13</strong></span> <span class='ocrx_word' id='word_1_303' title='bbox 1234 4480 1377 4538; x_wconf 89' lang='lat' dir='ltr'><strong>mutatus</strong></span> <span class='ocrx_word' id='word_1_304' title='bbox 1400 4474 1441 4538; x_wconf 93' lang='lat' dir='ltr'><strong>sit</strong></span> <span class='ocrx_word' id='word_1_305' title='bbox 1463 4493 1597 4538; x_wconf 88' lang='lat' dir='ltr'><strong>necesso</strong></span> <span class='ocrx_word' id='word_1_306' title='bbox 1621 4477 1670 4536; x_wconf 89' lang='lat' dir='ltr'><strong>est</strong></span> <span class='ocrx_word' id='word_1_307' title='bbox 1692 4470 1735 4535; x_wconf 92' lang='lat' dir='ltr'><strong>ad</strong></span> <span class='ocrx_word' id='word_1_308' title='bbox 1757 4469 1955 4535; x_wconf 87' lang='lat' dir='ltr'><strong>Pontificalis</strong></span> <span class='ocrx_word' id='word_1_309' title='bbox 1979 4466 2049 4531; x_wconf 89' lang='lat' dir='ltr'><strong>edi·</strong></span> 
     </span>
     <span class='ocr_line' id='line_1_40' title="bbox 402 4572 2052 4663; baseline -0.005 -20"><span class='ocrx_word' id='word_1_310' title='bbox 402 4581 522 4643; x_wconf 91' lang='lat' dir='ltr'><strong>tionem</strong></span> <span class='ocrx_word' id='word_1_311' title='bbox 545 4578 774 4662; x_wconf 87' lang='lat' dir='ltr'><strong>posteriorem,</strong></span> <span class='ocrx_word' id='word_1_312' title='bbox 799 4597 936 4663; x_wconf 88' lang='lat' dir='ltr'><strong>quacum</strong></span> <span class='ocrx_word' id='word_1_313' title='bbox 964 4577 1113 4658; x_wconf 87' lang='lat' dir='ltr'><strong>traditur,</strong></span> <span class='ocrx_word' id='word_1_314' title='bbox 1136 4577 1344 4642; x_wconf 92' lang='lat' dir='ltr'><strong>nihilominus</strong></span> <span class='ocrx_word' id='word_1_315' title='bbox 1368 4584 1491 4642; x_wconf 89' lang='lat' dir='ltr'><strong>tantum</strong></span> <span class='ocrx_word' id='word_1_316' title='bbox 1524 4578 1632 4656; x_wconf 83' lang='lat' dir='ltr'><strong>abest,</strong></span> <span class='ocrx_word' id='word_1_317' title='bbox 1660 4580 1696 4640; x_wconf 93' lang='lat' dir='ltr'><strong>ut</strong></span> <span class='ocrx_word' id='word_1_318' title='bbox 1722 4595 1765 4638; x_wconf 88' lang='lat' dir='ltr'><strong>ex</strong></span> <span class='ocrx_word' id='word_1_319' title='bbox 1792 4572 1971 4638; x_wconf 89' lang='lat' dir='ltr'><strong>Pontificali</strong></span> <span class='ocrx_word' id='word_1_320' title='bbox 1995 4593 2052 4634; x_wconf 83' lang='lat' dir='ltr'><strong>ex-</strong></span> 
     </span>
     <span class='ocr_line' id='line_1_41' title="bbox 401 4676 2050 4769; baseline -0.005 -22"><span class='ocrx_word' id='word_1_321' title='bbox 401 4688 530 4767; x_wconf 89' lang='lat' dir='ltr'><strong>cerptus</strong></span> <span class='ocrx_word' id='word_1_322' title='bbox 552 4680 603 4762; x_wconf 88' lang='lat' dir='ltr'><strong>sit,</strong></span> <span class='ocrx_word' id='word_1_323' title='bbox 626 4687 661 4744; x_wconf 89' lang='lat' dir='ltr'><strong>nt</strong></span> <span class='ocrx_word' id='word_1_324' title='bbox 683 4681 855 4745; x_wconf 87' lang='lat' dir='ltr'><strong>verisimile</strong></span> <span class='ocrx_word' id='word_1_325' title='bbox 879 4683 920 4746; x_wconf 85' lang='lat' dir='ltr'><strong>sit</strong></span> <span class='ocrx_word' id='word_1_326' title='bbox 943 4681 1100 4746; x_wconf 90' lang='lat' dir='ltr'><strong>eiusmodi</strong></span> <span class='ocrx_word' id='word_1_327' title='bbox 1122 4681 1234 4747; x_wconf 90' lang='lat' dir='ltr'><strong>indicis</strong></span> <span class='ocrx_word' id='word_1_328' title='bbox 1251 4683 1429 4769; x_wconf 86' lang='lat' dir='ltr'><strong>exemplar,</strong></span> <span class='ocrx_word' id='word_1_329' title='bbox 1445 4682 1566 4746; x_wconf 88' lang='lat' dir='ltr'><strong>scilicet</strong></span> <span class='ocrx_word' id='word_1_330' title='bbox 1582 4677 1784 4745; x_wconf 89' lang='lat' dir='ltr'><strong>emendatius</strong></span> <span class='ocrx_word' id='word_1_331' title='bbox 1800 4678 1925 4757; x_wconf 88' lang='lat' dir='ltr'><strong>nostris,</strong></span> <span class='ocrx_word' id='word_1_332' title='bbox 1948 4676 2050 4761; x_wconf 92' lang='lat' dir='ltr'><strong>primo</strong></span> 
     </span>
     <span class='ocr_line' id='line_1_42' title="bbox 400 4778 2051 4873; baseline -0.005 -22"><span class='ocrx_word' id='word_1_333' title='bbox 400 4784 596 4851; x_wconf 88' lang='lat' dir='ltr'><strong>Pontificalis</strong></span> <span class='ocrx_word' id='word_1_334' title='bbox 623 4785 746 4848; x_wconf 87' lang='lat' dir='ltr'><strong>auctori</strong></span> <span class='ocrx_word' id='word_1_335' title='bbox 772 4791 903 4870; x_wconf 91' lang='lat' dir='ltr'><strong>praesto</strong></span> <span class='ocrx_word' id='word_1_336' title='bbox 931 4786 1030 4850; x_wconf 89' lang='lat' dir='ltr'><strong>fuisse</strong></span> <span class='ocrx_word' id='word_1_337' title='bbox 1058 4807 1198 4872; x_wconf 88' lang='lat' dir='ltr'><strong>eumque</strong></span> <span class='ocrx_word' id='word_1_338' title='bbox 1230 4787 1468 4873; x_wconf 88' lang='lat' dir='ltr'><strong>sepulturarum</strong></span> <span class='ocrx_word' id='word_1_339' title='bbox 1489 4786 1578 4851; x_wconf 88' lang='lat' dir='ltr'><strong>locos</strong></span> <span class='ocrx_word' id='word_1_340' title='bbox 1605 4784 1681 4850; x_wconf 91' lang='lat' dir='ltr'><strong>inde</strong></span> <span class='ocrx_word' id='word_1_341' title='bbox 1703 4782 1858 4847; x_wconf 87' lang='lat' dir='ltr'><strong>hausisse.</strong></span> <span class='ocrx_word' id='word_1_342' title='bbox 1903 4780 1987 4846; x_wconf 86' lang='lat' dir='ltr'><strong>Nam</strong></span> <span class='ocrx_word' id='word_1_343' title='bbox 2011 4778 2051 4843; x_wconf 91' lang='lat' dir='ltr'><strong>de</strong></span> 
     </span>
     <span class='ocr_line' id='line_1_43' title="bbox 400 4887 1284 4975; baseline 0.001 -21"><span class='ocrx_word' id='word_1_344' title='bbox 400 4889 572 4975; x_wconf 88' lang='lat' dir='ltr'><strong>sepulturis</strong></span> <span class='ocrx_word' id='word_1_345' title='bbox 595 4887 774 4952; x_wconf 86' lang='lat' dir='ltr'><strong>Alexandri</strong></span> <span class='ocrx_word' id='word_1_346' title='bbox 796 4894 830 4953; x_wconf 90' lang='lat' dir='ltr'><strong>et</strong></span> <span class='ocrx_word' id='word_1_347' title='bbox 851 4889 975 4955; x_wconf 85' lang='lat' dir='ltr'><strong>Urbani</strong></span> <span class='ocrx_word' id='word_1_348' title='bbox 997 4890 1166 4954; x_wconf 88' lang='lat' dir='ltr'><strong>traduntur</strong></span> <span class='ocrx_word' id='word_1_349' title='bbox 1187 4890 1284 4955; x_wconf 91' lang='lat' dir='ltr'><strong>haec:</strong></span> 
     </span>
    </p>
   </div>
   <div class='ocr_carea' id='block_1_7' title="bbox 403 4999 2055 5708">
    <p class='ocr_par' dir='ltr' id='par_1_11' title="bbox 403 4999 2055 5708">
     <span class='ocr_line' id='line_1_44' title="bbox 496 4999 1773 5084; baseline -0.002 -20"><span class='ocrx_word' id='word_1_350' title='bbox 496 4999 619 5080; x_wconf 75' lang='lat' dir='ltr'><strong>Pontis.</strong></span> <span class='ocrx_word' id='word_1_351' title='bbox 868 5003 931 5067; x_wconf 80' lang='lat' dir='ltr'><strong>tao.</strong></span> <span class='ocrx_word' id='word_1_352' title='bbox 953 5024 1017 5084; x_wconf 84' lang='lat' dir='ltr'><strong>sep.</strong></span> <span class='ocrx_word' id='word_1_353' title='bbox 1458 4999 1619 5084; x_wconf 81' lang='lat' dir='ltr'><strong>martyrol.</strong></span> <span class='ocrx_word' id='word_1_354' title='bbox 1642 4999 1773 5064; x_wconf 83' lang='lat' dir='ltr'><strong>Hieron.</strong></span> 
     </span>
     <span class='ocr_line' id='line_1_45' title="bbox 403 5099 2054 5173; baseline -0.005 -2"><span class='ocrx_word' id='word_1_355' title='bbox 403 5104 594 5171; x_wconf 81' lang='lat' dir='ltr'><strong>Alexander</strong></span> <span class='ocrx_word' id='word_1_356' title='bbox 616 5104 668 5168; x_wconf 89' lang='lat' dir='ltr'><strong>via</strong></span> <span class='ocrx_word' id='word_1_357' title='bbox 765 5107 798 5170; x_wconf 91' lang='lat' dir='ltr'><strong>in</strong></span> <span class='ocrx_word' id='word_1_358' title='bbox 820 5106 956 5171; x_wconf 90' lang='lat' dir='ltr'><strong>miliario</strong></span> <span class='ocrx_word' id='word_1_359' title='bbox 973 5106 1021 5172; x_wconf 93' lang='lat' dir='ltr'><strong>VI</strong></span> <span class='ocrx_word' id='word_1_360' title='bbox 1044 5108 1097 5171; x_wconf 80' lang='lat' dir='ltr'><strong>vio</strong></span> <span class='ocrx_word' id='word_1_361' title='bbox 1179 5108 1263 5173; x_wconf 83' lang='lat' dir='ltr'><strong>Mai.</strong></span> <span class='ocrx_word' id='word_1_362' title='bbox 1278 5112 1315 5172; x_wconf 88' lang='lat'><strong>3:</strong></span> <span class='ocrx_word' id='word_1_363' title='bbox 1337 5105 1463 5171; x_wconf 86' lang='lat' dir='ltr'><strong>Romae</strong></span> <span class='ocrx_word' id='word_1_364' title='bbox 1485 5104 1594 5170; x_wconf 88' lang='lat' dir='ltr'><strong>natale</strong></span> <span class='ocrx_word' id='word_1_365' title='bbox 1617 5103 1734 5168; x_wconf 79' lang='lat' dir='ltr'><strong>Eventi</strong></span> <span class='ocrx_word' id='word_1_366' title='bbox 1750 5099 1929 5167; x_wconf 74' lang='lat' dir='ltr'><strong>Alexandri</strong></span> <span class='ocrx_word' id='word_1_367' title='bbox 1945 5099 2054 5163; x_wconf 86' lang='lat' dir='ltr'><strong>Theo·</strong></span> 
     </span>
     <span class='ocr_line' id='line_1_46' title="bbox 446 5208 1359 5294; baseline -0.001 -19"><span class='ocrx_word' id='word_1_368' title='bbox 446 5208 653 5275; x_wconf 85' lang='lat' dir='ltr'><strong>Nomentana</strong></span> <span class='ocrx_word' id='word_1_369' title='bbox 808 5209 1016 5276; x_wconf 89' lang='lat' dir='ltr'><strong>Nomentana</strong></span> <span class='ocrx_word' id='word_1_370' title='bbox 1245 5209 1312 5277; x_wconf 92' lang='lat' dir='ltr'><strong>doli</strong></span> <span class='ocrx_word' id='word_1_371' title='bbox 1321 5209 1359 5294; x_wconf 82' lang='lat'>¹).</span> 
     </span>
     <span class='ocr_line' id='line_1_47' title="bbox 447 5311 1000 5379; baseline 0.002 -1"><span class='ocrx_word' id='word_1_372' title='bbox 447 5313 513 5378; x_wconf 90' lang='lat' dir='ltr'><strong>mil.</strong></span> <span class='ocrx_word' id='word_1_373' title='bbox 530 5311 596 5377; x_wconf 92' lang='lat' dir='ltr'><strong>VH</strong></span> <span class='ocrx_word' id='word_1_374' title='bbox 810 5314 1000 5379; x_wconf 87' lang='lat' dir='ltr'><strong>Alexander</strong></span> 
     </span>
     <span class='ocr_line' id='line_1_48' title="bbox 404 5405 2055 5502; baseline -0.008 -21"><span class='ocrx_word' id='word_1_375' title='bbox 404 5416 599 5481; x_wconf 89' lang='lat' dir='ltr'><strong>Urbanusin</strong></span> <span class='ocrx_word' id='word_1_376' title='bbox 613 5416 712 5502; x_wconf 85' lang='lat' dir='ltr'><strong>cymi·</strong></span> <span class='ocrx_word' id='word_1_377' title='bbox 767 5414 811 5499; x_wconf 89' lang='lat' dir='ltr'><strong>[in</strong></span> <span class='ocrx_word' id='word_1_378' title='bbox 834 5417 992 5483; x_wconf 87' lang='lat' dir='ltr'><strong>cimiterio</strong></span> <span class='ocrx_word' id='word_1_379' title='bbox 1014 5417 1118 5484; x_wconf 87' lang='lat' dir='ltr'><strong>Prae·</strong></span> <span class='ocrx_word' id='word_1_380' title='bbox 1179 5419 1264 5484; x_wconf 82' lang='lat' dir='ltr'><strong>Mai.</strong></span> <span class='ocrx_word' id='word_1_381' title='bbox 1279 5417 1338 5482; x_wconf 84' lang='lat'><strong>25:</strong></span> <span class='ocrx_word' id='word_1_382' title='bbox 1366 5417 1419 5481; x_wconf 83' lang='lat' dir='ltr'><strong>via</strong></span> <span class='ocrx_word' id='word_1_383' title='bbox 1446 5414 1653 5480; x_wconf 86' lang='lat' dir='ltr'><strong>Nomentana</strong></span> <span class='ocrx_word' id='word_1_384' title='bbox 1674 5415 1740 5479; x_wconf 92' lang='lat' dir='ltr'><strong>mil.</strong></span> <span class='ocrx_word' id='word_1_385' title='bbox 1756 5411 1839 5478; x_wconf 92' lang='lat' dir='ltr'>VIII</span> <span class='ocrx_word' id='word_1_386' title='bbox 1861 5407 1969 5473; x_wconf 89' lang='lat' dir='ltr'><strong>natale</strong></span> <span class='ocrx_word' id='word_1_387' title='bbox 1993 5405 2055 5470; x_wconf 91' lang='lat' dir='ltr'><strong>Ur-</strong></span> 
     </span>
     <span class='ocr_line' id='line_1_49' title="bbox 448 5514 1963 5608; baseline -0.005 -24"><span class='ocrx_word' id='word_1_388' title='bbox 448 5520 530 5584; x_wconf 89' lang='lat' dir='ltr'><strong>tcrio</strong></span> <span class='ocrx_word' id='word_1_389' title='bbox 554 5519 712 5584; x_wconf 83' lang='lat' dir='ltr'><strong>Practcx·</strong></span> <span class='ocrx_word' id='word_1_390' title='bbox 810 5518 936 5608; x_wconf 86' lang='lat' dir='ltr'><strong>textati]</strong></span> <span class='ocrx_word' id='word_1_391' title='bbox 1245 5521 1320 5587; x_wconf 89' lang='lat' dir='ltr'><strong>bani</strong></span> <span class='ocrx_word' id='word_1_392' title='bbox 1342 5519 1485 5607; x_wconf 86' lang='lat' dir='ltr'><strong>episcopi</strong></span> <span class='ocrx_word' id='word_1_393' title='bbox 1507 5519 1540 5582; x_wconf 92' lang='lat' dir='ltr'><strong>in</strong></span> <span class='ocrx_word' id='word_1_394' title='bbox 1562 5519 1729 5604; x_wconf 81' lang='lat' dir='ltr'><strong>cymiterio</strong></span> <span class='ocrx_word' id='word_1_395' title='bbox 1753 5514 1963 5581; x_wconf 87' lang='lat' dir='ltr'><strong>Praetextati.</strong></span> 
     </span>
     <span class='ocr_line' id='line_1_50' title="bbox 450 5621 919 5708; baseline 0.006 -22"><span class='ocrx_word' id='word_1_396' title='bbox 450 5623 510 5687; x_wconf 87' lang='lat' dir='ltr'><strong>tati</strong></span> <span class='ocrx_word' id='word_1_397' title='bbox 531 5623 584 5686; x_wconf 84' lang='lat' dir='ltr'><strong>via</strong></span> <span class='ocrx_word' id='word_1_398' title='bbox 605 5621 714 5708; x_wconf 87' lang='lat' dir='ltr'><strong>Appia</strong></span> <span class='ocrx_word' id='word_1_399' title='bbox 767 5622 919 5689; x_wconf 89' lang='lat' dir='ltr'><strong>Urbanos</strong></span> 
     </span>
    </p>
   </div>
   <div class='ocr_carea' id='block_1_8' title="bbox 405 5768 2062 5912">
    <p class='ocr_par' dir='ltr' id='par_1_12' title="bbox 405 5768 2062 5912">
     <span class='ocr_line' id='line_1_51' title="bbox 511 5768 2062 5865; baseline -0.002 -42"><span class='ocrx_word' id='word_1_400' title='bbox 511 5769 532 5837; x_wconf 87' lang='lat'><strong>¹)</strong></span> <span class='ocrx_word' id='word_1_401' title='bbox 551 5771 630 5824; x_wconf 83' lang='lat' dir='ltr'><strong>Liber</strong></span> <span class='ocrx_word' id='word_1_402' title='bbox 647 5773 785 5825; x_wconf 63' lang='lat' dir='ltr'><strong>&amp;menda</strong></span> <span class='ocrx_word' id='word_1_403' title='bbox 802 5772 973 5840; x_wconf 76' lang='lat' dir='ltr'><strong>interpolatus</strong></span> <span class='ocrx_word' id='word_1_404' title='bbox 998 5782 1057 5841; x_wconf 85' lang='lat' dir='ltr'><strong>post</strong></span> <span class='ocrx_word' id='word_1_405' title='bbox 1073 5773 1172 5826; x_wconf 77' lang='lat' dir='ltr'><strong>Bomos</strong></span> <span class='ocrx_word' id='word_1_406' title='bbox 1193 5773 1283 5825; x_wconf 76' lang='lat' dir='ltr'><strong>inserit</strong></span> <span class='ocrx_word' id='word_1_407' title='bbox 1300 5770 1380 5823; x_wconf 78' lang='lat' dir='ltr'><strong>rerba</strong></span> <span class='ocrx_word' id='word_1_408' title='bbox 1396 5769 1439 5822; x_wconf 84' lang='lat' dir='ltr'><strong>oio</strong></span> <span class='ocrx_word' id='word_1_409' title='bbox 1455 5769 1622 5823; x_wconf 73' lang='lat' dir='ltr'><strong>Nomentano</strong></span> <span class='ocrx_word' id='word_1_410' title='bbox 1639 5770 1693 5822; x_wconf 67' lang='lat' dir='ltr'><strong>nit.</strong></span> <span class='ocrx_word' id='word_1_411' title='bbox 1708 5768 1779 5834; x_wconf 76' lang='grc' dir='ltr'><strong>ΠΙ,</strong></span> <span class='ocrx_word' id='word_1_412' title='bbox 1795 5776 1856 5837; x_wconf 79' lang='lat' dir='ltr'><strong>post</strong></span> <span class='ocrx_word' id='word_1_413' title='bbox 1871 5768 1960 5820; x_wconf 76' lang='lat' dir='ltr'><strong>notata</strong></span> <span class='ocrx_word' id='word_1_414' title='bbox 1979 5768 2062 5865; x_wconf 60' lang='lat' dir='ltr'><strong>verba</strong></span> 
     </span>
     <span class='ocr_line' id='line_1_52' title="bbox 405 5857 711 5912; baseline 0 -1"><span class='ocrx_word' id='word_1_415' title='bbox 405 5867 554 5912; x_wconf 67' lang='lat' dir='ltr'><strong>raam</strong></span> <span class='ocrx_word' id='word_1_416' title='bbox 570 5857 711 5911; x_wconf 69' lang='lat' dir='ltr'><strong>Iuvenalis.</strong></span> 
     </span>
    </p>
   </div>
   <div class='ocr_carea' id='block_1_9' title="bbox 0 0 2368 6576">
    <p class='ocr_par' dir='ltr' id='par_1_13' title="bbox 0 0 2368 6576">
     <span class='ocr_line' id='line_1_53' title="bbox 0 0 2368 6576; baseline 0 0"><span class='ocrx_word' id='word_1_417' title='bbox 0 0 2368 6576; x_wconf 95' lang='lat' dir='ltr'><strong> </strong></span> 
     </span>
    </p>
   </div>
  </div>
 </body>
</html>
