4658 6576
912 434 1199 493 Psouueouuuu.
1816 443 1880 498 xlx

223 599 284 665 sed
306 603 432 669 omissis
452 605 516 671 boc
536 607 609 672 loco
634 608 919 695 chronographicis
943 617 977 674 et
998 611 1188 697 sepulturis,
1211 612 1332 699 quippe
1359 611 1400 678 dc
1424 613 1539 699 quibus
1561 633 1707 679 seorsum
1735 615 1881 703 dispute-

224 711 277 771 tur
302 709 462 794 capitibus
484 713 580 776 tertio
610 717 644 777 et
668 719 792 798 quarto.
838 712 919 778 Sunt
941 721 1051 779 autem
1074 716 1239 780 elementa
1260 717 1317 780 illa
1340 723 1373 781 61
1395 738 1500 802 pauca
1523 723 1557 783 et
1579 739 1698 803 magna
1722 740 1765 785 ex
1787 727 1881 806 parte

224 817 386 897 suspects,
408 819 525 879 uttam
541 814 611 879 eius
627 816 701 879 aevi
716 836 824 881 rerum
846 816 1028 902 ignorantia
1044 838 1141 903 quam
1163 819 1327 905 scriptoris
1349 820 1538 884 malafrena
1562 842 1622 908 per
1637 828 1740 887 totum
1762 823 1881 888 librum

224 916 349 1001 spirent
370 923 405 981 ct
425 916 640 983 dominentur.

328 1020 355 1085 L
388 1021 441 1086 De
472 1019 634 1108 Cypriane
663 1022 816 1109 episcopo
847 1021 1106 1109 Carthaginiensi
1132 1046 1216 1111 quae
1246 1025 1415 1090 traduntur
1444 1027 1477 1090 in
1504 1029 1571 1092 vita
1598 1028 1740 1095 Cornelii
1763 1032 1806 1115 (p.
1824 1030 1881 1117 29)

226 1124 288 1188 6161
320 1145 397 1189 vera
430 1132 504 1192 sunt
537 1125 641 1213 (certe
677 1125 819 1191 Celerini
851 1128 983 1193 lectoris
1017 1130 1175 1216 epistulae
1210 1128 1363 1216 Cypriani
1398 1131 1518 1217 passim
1548 1132 1795 1218 meminerunt),
1817 1156 1882 1199 non

226 1228 358 1292 veniunt
381 1250 423 1293 ex
444 1229 545 1316 ipsius
561 1228 713 1315 Cypriani
736 1230 873 1316 scriptis,
896 1231 955 1295 sed
978 1252 1021 1296 ex
1036 1233 1185 1318 passione
1202 1231 1355 1298 Cornelii.
1400 1233 1475 1299 Non
1497 1241 1586 1299 recte
1601 1235 1700 1319 igitur
1713 1257 1734 1299 a
1748 1235 1881 1303 8611616-

224 1332 337 1396 stratio
362 1331 441 1416 (ant.
466 1331 685 1418 6661.1,396)
710 1332 891 1419 Cyprianus
913 1336 1051 1400 refertur
1072 1336 1156 1401 inter
1179 1342 1329 1402 auctores
1358 1358 1378 1401 a
1407 1339 1564 1424 scriptore
1588 1338 1661 1404 libri
1682 1339 1882 1406 Pontificalis

224 1444 407 1521 usurpatos.

327 1539 372 1605 11.
401 1539 593 1626 Hieronymi
615 1539 733 1606 librum
755 1539 797 1605 de
820 1543 895 1606 viris
917 1542 1093 1608 illustribus
1116 1549 1229 1608 auctor
1252 1544 1399 1609 adhibuit
1420 1543 1464 1610 ad
1480 1546 1582 1610 vitam
1597 1546 1687 1611 Petri
1703 1545 1749 1633 (p.
1767 1548 1881 1635 iscq.)

224 1650 259 1707 et
281 1642 458 1710 Clementis
480 1646 525 1730 (p.
543 1646 572 1725 7,
584 1645 609 1725 1)
634 1651 667 1708 et
690 1644 831 1709 Victoris
854 1644 902 1731 (p.
923 1648 970 1728 19,
984 1646 1021 1729 1),
1044 1646 1318 1712 continuationem
1341 1647 1589 1712 Gennadianam
1611 1649 1645 1713 in
1667 1649 1734 1713 vita
1757 1648 1882 1715 Gelasii

224 1753 270 1834 (p.
290 1752 361 1830 111,
373 1747 422 1834 a).
459 1746 617 1813 Notitiam
641 1769 716 1812 eum
738 1748 891 1813 habuisse
914 1749 1098 1814 commercii
1121 1751 1279 1834 epistolici
1302 1751 1386 1815 inter
1402 1750 1637 1838 Hieronymum
1654 1759 1687 1816 et
1702 1752 1881 1817 Damasum

224 1859 259 1915 et
281 1854 481 1939 expressisse
503 1853 537 1916 in
559 1852 705 1938 epistulis
728 1852 931 1937 praefatoriis
954 1872 1021 1934 eas,
1046 1873 1130 1938 quae
1155 1852 1354 1938 praecedunt
1369 1854 1636 1939 martyrologium
1650 1853 1878 1941 Hieronymia-

223 1975 315 2037 num,
345 1975 443 2041 supra
466 1955 514 2041 (p.
530 1954 580 2019 XI
602 1951 692 2040 adn.)
720 1953 855 2018 ostendi.
901 1954 950 2019 Eo
980 1956 1229 2040 martyrologio,
1262 1957 1351 2020 cuius
1382 1955 1451 2019 sine
1486 1956 1584 2021 dubio
1614 1978 1679 2022 non
1708 1959 1798 2022 novit
1821 1960 1882 2023 nisi

224 2058 360 2123 formam
383 2058 481 2124 hodie
498 2064 666 2124 extantem
685 2058 895 2145 epitomatam
912 2066 946 2122 et
968 2059 1197 2146 interpolatam
1221 2060 1435 2145 antiquiorem
1451 2059 1610 2146 Gregorio
1625 2082 1744 2146 magno
1766 2062 1835 2148 (ep.
1852 2065 1882 2146 8,

225 2159 371 2250 181191),
398 2169 511 2228 auctor
539 2184 616 2227 usus
644 2169 694 2227 est
716 2183 905 2249 perperam,
933 2169 970 2227 61
992 2164 1093 2246 66161,
1122 2164 1155 2228 16
1177 2162 1367 2227 Alexandro
1391 2162 1458 2248 (10,
1476 2162 1526 2249 4);
1550 2163 1591 2228 de
1614 2164 1747 2230 Urbano
1771 2174 1880 2231 autem

223 2266 292 2351 (23,
308 2267 342 2351 3)
370 2287 443 2332 cum
472 2272 585 2333 auctor
612 2267 764 2353 princeps
795 2267 896 2331 evitet
924 2287 1068 2332 errorem
1102 2268 1135 2332 16
1169 2267 1400 2352 martyrologio
1429 2287 1468 2332 eo
1502 2269 1704 2333 commissum
1735 2270 1880 2357 (dequo

222 2369 305 2434 infra
328 2370 471 2437 dicemus
492 2372 655 2458 incapite
679 2370 720 2434 de
743 2370 941 2456 sepulturis),
963 2372 1070 2436 locum
1094 2371 1224 2436 aliunde
1249 2370 1436 2457 desumpsit.

326 2474 389 2539 111.
418 2475 527 2539 Rufini
549 2474 787 2560 recognitiones
802 2473 1170 2559 pseudo-Clementinae
1188 2475 1353 2560 expilatae
1377 2480 1451 2539 sunt
1473 2475 1506 2538 in
1522 2475 1596 2538 vitis
1611 2473 1702 2539 Petri
1718 2474 1765 2561 (p.
1782 2479 1812 2556 3,
1824 2501 1881 2540 1-

223 2584 256 2657 4,
271 2582 296 2660 s)
320 2585 354 2643 61
377 2576 553 2644 Clementis
576 2577 622 2664 (p.
641 2580 670 2659 7,
688 2581 830 2659 ne-re),
855 2598 990 2663 quorum
1015 2585 1243 2665 excerptorum
1275 2600 1351 2667 pars
1375 2579 1510 2643 fortasse
1534 2580 1671 2643 accessit
1694 2579 1825 2644 demum
1849 2581 1881 2644 16

225 2680 368 2747 editione
391 2683 585 2769 posteriore.

326 2784 385 2852 IV.
417 2786 566 2873 Dionysii
582 2787 708 2872 cyclum
725 2786 912 2872 paschalem
928 2784 1108 2850 adhibitum
1132 2807 1204 2850 esse
1228 2787 1261 2851 in
1276 2787 1362 2852 vitae
1373 2785 1512 2850 Victoris
1530 2785 1575 2871 (p.
1592 2784 1674 2868 19,ι)
1689 2787 1879 2850 recensione

223 2888 366 2954 secunda
397 2891 509 2955 statuit
531 2888 734 2955 Ducbesnius
762 2889 839 2973 (vol.
868 2895 880 2953 1
914 2911 947 2975 p.
962 2888 1099 2972 LXIH),
1128 2910 1193 2953 non
1224 2895 1331 2964 recte;
1365 2891 1455 2954 locos
1483 2909 1559 2953 vere
1588 2888 1630 2952 ad
1657 2888 1691 2953 id
1719 2896 1816 2975 caput
1839 2889 1880 2953 ab

222 3000 354 3059 auctora
386 2993 575 3080 adsumptos
599 3014 659 3058 nos
685 2993 730 3057 ibi
761 2992 993 3058 adnotavimus.
1043 2992 1146 3057 Multo
1177 2994 1280 3058 minus
1310 2992 1417 3057 eidem
1446 2991 1579 3058 concedi
1608 2993 1730 3078 poterit
1758 2994 1882 3058 auctori

222 3105 334 3162 661616
361 3097 460 3162 161666
488 3097 613 3183 cyclum
635 3096 856 3162 Victorianum
883 3103 1060 3182 propterca
1088 3096 1305 3178 solummodo,
1337 3096 1423 3182 quod
1451 3097 1597 3161 recensio
1628 3097 1731 3183 prima
1764 3116 1881 3160 nomen

222 3202 313 3287 ponit
334 3201 507 3287 Theophili
530 3199 743 3265 Alexandrini
766 3206 802 3264 ut
824 3200 1004 3264 aVictorio
1027 3201 1074 3264 ita
1096 3221 1116 3263 a
1140 3200 1393 3284 chronographis
1417 3199 1566 3264 omnibus
1589 3200 1843 3265 commemorati.

325 3303 366 3368 V.
397 3303 556 3369 Chronica
571 3303 686 3369 Italica
709 3304 857 3389 scriptori
879 3303 921 3367 ad
944 3324 1056 3367 manus
1079 3303 1177 3368 fuisse
1194 3303 1296 3368 videri
1317 3323 1416 3389 supra
1437 3304 1503 3367 iam
1520 3303 1566 3390 (p.
1579 3301 1676 3385 XVI)
1692 3304 1882 3388 significavi.

221 3408 353 3473 Scilicet
376 3407 418 3472 ad
433 3409 517 3473 ritas
541 3409 766 3495 episcopcrum
791 3409 844 3494 qui
868 3408 997 3472 1661661
1012 3414 1088 3472 ante
1105 3405 1385 3472 Constantinuml
1408 3428 1515 3471 rcrum
1538 3407 1739 3493 publicarum
1755 3406 1879 3470 Rome-

219 3532 333 3576 narum
356 3513 547 3598 scriptorem
569 3511 692 3575 nullum
715 3510 895 3575 adhibitum
918 3531 990 3575 esse
1014 3532 1087 3576 cum
1110 3518 1278 3597 appareat,
1303 3517 1477 3597 eapropter
1500 3511 1640 3591 omnino,
1664 3509 1752 3596 quod
1768 3530 1879 3574 eorum

220 3622 402 3701 temporum
421 3620 569 3679 auctores
585 3612 839 3679 Christianorum
855 3614 990 3699 putandi
1013 3621 1087 3679 sunt
1109 3635 1181 3678 raro
1198 3615 1392 3695 meminisse,
1416 3613 1621 3678 sacerdotum
1642 3620 1751 3677 autem
1768 3633 1879 3677 eorum

219 3720 427 3785 nominatrix
454 3719 521 3782 ulla
550 3718 712 3802 posuisse,
742 3724 914 3804 postquam
939 3716 1113 3782 Christiani
1142 3737 1258 3803 pacem
1286 3738 1383 3803 quam
1406 3715 1534 3798 dicunt,
1558 3715 1591 3779 id
1615 3722 1664 3781 est
1688 3716 1880 3780 dominatio·

219 3844 295 3888 nem
322 3822 433 3909 adepti
460 3827 548 3903 sunt,
578 3842 685 3886 rerum
715 3822 887 3907 scriptores
916 3820 959 3884 ad
990 3842 1101 3885 eorum
1131 3841 1184 3884 res
1207 3819 1459 3904 sacerdotesque
1492 3818 1662 3883 attendere
1688 3819 1879 3900 debuerunt,

220 3928 339 4014 quique
362 3926 500 4012 septimo
523 3926 654 3990 saeculo
677 3932 771 4011 gesta
793 3926 1018 4011 episcoporum
1041 3925 1262 3989 Romanorum
1285 3923 1487 4009 explicabat,
1515 3924 1603 3987 66116
1628 3923 1725 3988 616(16
1749 3922 1782 3987 id
1804 3943 1880 4009 per-

218 4030 316 4096 ficere
331 4031 436 4116 potuit
450 4029 511 4094 nisi
527 4027 705 4116 adsumptis
721 4028 889 4094 annalibus
906 4028 1134 4093 saecularibus.
1169 4028 1264 4109 Vere,
1288 4034 1324 4092 ut
1339 4048 1436 4114 supra
1451 4026 1497 4113 (p.
1509 4025 1623 4113 XVII)
1649 4026 1726 4110 dixi,
1743 4027 1881 4112 vestigia

219 4155 331 4200 eorum
355 4132 642 4220 deprehenduntur
658 4138 692 4196 et
706 4152 766 4219 per
780 4138 931 4218 tempora
947 4131 1179 4197 Constantiana
1201 4132 1234 4195 16
1249 4132 1316 4196 sita
1331 4130 1453 4195 Liberii
1477 4136 1510 4194 et
1534 4130 1633 4195 etiam
1657 4131 1797 4195 certiora
1819 4150 1879 4216 per

218 4247 368 4324 tempora
381 4236 637 4301 Theodericiana
658 4237 704 4301 ita
725 4237 925 4321 perturbata,
948 4243 984 4301 ut
1002 4257 1066 4301 non
1084 4257 1125 4301 ex
1149 4236 1277 4322 aequali
1299 4235 1456 4300 memoria
1479 4232 1680 4299 descendere
1698 4233 1878 4315 videantur,

218 4341 278 4407 sed
301 4362 344 4407 ex
364 4340 447 4405 libro
470 4341 578 4426 aliquo
595 4341 713 4427 scripto
730 4342 879 4426 imperite
897 4343 1051 4428 expilato.
1092 4340 1213 4414 Quales
1235 4341 1368 4404 annales
1384 4346 1496 4403 auctor
1511 4337 1739 4424 adsumpserit,
1764 4358 1877 4424 parum

218 4446 322 4532 liquet
343 4451 476 4531 propter
499 4445 598 4530 ipsius
620 4445 781 4509 silentium
805 4453 838 4508 et
860 4447 1085 4531 imperfectam
1107 4451 1251 4509 nostram
1276 4442 1316 4506 de
1341 4444 1409 4507 6166
1426 4443 1542 4506 6616116
1558 4441 1767 4528 scriptoribus
1790 4442 1874 4505 6611-

218 4550 310 4617 tiam:
342 4547 401 4612 sed
428 4554 539 4612 tamen
565 4547 607 4611 de
635 4549 673 4611 iis
700 4568 783 4633 qnae
812 4549 998 4613 rescivimus
1028 4549 1082 4634 qui
1110 4546 1281 4632 expendit,
1313 4547 1345 4610 in
1369 4547 1522 4630 scriptore
1546 4545 1667 4610 saeculi
1691 4544 1821 4630 septimi
1843 4545 1878 4608 16

218 4651 314 4717 Italia
336 4651 476 4738 degente
500 4652 657 4737 cogitabit
679 4651 720 4716 de
737 4653 904 4733 chronicis,
929 4673 1063 4737 quorum
1087 4653 1241 4736 reliquiae
1264 4651 1324 4714 sub
1341 4651 1434 4714 titulo
1458 4649 1674 4713 consularium
1691 4647 1877 4712 Italicorum

217 4776 277 4820 nos
299 4756 537 4842 composuimus
566 4755 687 4836 (chron.
710 4756 786 4819 min.
810 4755 906 4820 vell
930 4777 962 4841 p.
979 4757 1180 4839 ses-339),
1203 4754 1274 4818 fuse
1297 4774 1349 4817 res
1372 4753 1577 4816 narrantibus
1601 4760 1635 4815 61
1657 4772 1717 4837 per
1740 4771 1780 4814 ea
1805 4771 1876 4814 sae-

219 4861 291 4925 cula
306 4860 371 4925 late
387 4861 516 4946 sparsis.
549 4859 696 4937 Accedit,
721 4859 808 4945 quod
824 4860 1037 4924 consularium
1062 4880 1173 4922 eorum
1197 4859 1267 4922 sola
1288 4857 1447 4944 particula
1469 4857 1565 4942 plcne
1589 4863 1729 4936 servata,
1754 4855 1876 4918 66111661

217 4963 382 5048 Anonymi
397 4962 563 5028 Valesiani
586 4983 683 5048 quem
707 4961 816 5027 dicunt
838 4983 914 5048 pars
939 4963 1100 5049 posterior
1122 4968 1272 5047 spectans
1296 4959 1337 5024 ad
1365 4966 1514 5046 tempora
1537 4958 1810 5038 Theodericiana,
1843 4965 1877 5022 ct

217 5067 249 5131 in
272 5066 369 5131 rebus
392 5074 426 5131 ct
448 5067 480 5131 16
502 5067 579 5153 ipsis
599 5067 707 5132 verbis
730 5068 880 5132 66616611
903 5088 975 5131 cnm
997 5067 1064 5130 vita
1087 5065 1271 5130 Iohannisl
1295 5066 1340 5149 (p.
1359 5066 1417 5127 133
1428 5063 1523 5147 seql.
1567 5063 1683 5148 Itaque
1708 5065 1767 5127 etsi
1792 5083 1875 5148 quae

218 5170 259 5235 de
282 5176 369 5234 statu
391 5191 497 5234 rernm
521 5171 651 5256 publico
676 5172 826 5255 ingestis
849 5169 1081 5256 antiquioribus
1104 5169 1309 5255 reperiuntur
1323 5166 1453 5231 aliunde
1477 5186 1606 5251 quoqne
1631 5165 1756 5230 desumi
1778 5171 1873 5251 potu-

217 5282 321 5356 erunt,
343 5275 377 5339 in
397 5295 432 5340 re
454 5276 579 5338 incerta
600 5273 641 5337 de
660 5273 781 5338 Italicis
803 5274 1006 5358 potissimum
1029 5272 1186 5337 chronicis
1210 5271 1395 5335 coniectura
1418 5267 1569 5333 facienda
1593 5269 1663 5332 erit.
1691 5304 1729 5314 —
1755 5267 1875 5331 Contra

216 5378 304 5444 vitae
327 5379 553 5465 episcoporum
575 5378 696 5442 saeculi
712 5378 842 5463 septimi
857 5378 976 5463 passim
992 5396 1070 5464 prae
1087 5397 1122 5440 se
1145 5376 1251 5439 ferunt
1274 5374 1465 5459 scriptorum
1489 5372 1673 5458 aequalium
1689 5377 1723 5434 et
1740 5372 1875 5435 11116166

218 5491 252 5548 61
278 5483 371 5554 vitia;
405 5483 489 5547 inter
517 5480 600 5547 hacc
632 5483 753 5546 eminet
783 5483 944 5547 silentium
977 5480 1152 5545 admodum
1182 5479 1338 5564 eloquens
1367 5478 1408 5542 dc
1439 5477 1567 5541 haeresi
1599 5496 1705 5562 papae
1735 5473 1872 5539 Honorii

218 5587 272 5671 (cf.
296 5585 466 5671 Dellinger
486 5584 695 5667 Papstscbcln
717 5608 748 5671 p.
770 5589 827 5651 163
845 5592 941 5672 seq),
970 5606 1165 5671 quamquam
1189 5583 1352 5647 damnatio
1378 5583 1446 5645 eius
1473 5586 1607 5667 propter
1630 5600 1702 5642 cam
1731 5578 1816 5642 facta
1841 5579 1873 5642 in

217 5690 350 5755 66661116
374 5688 728 5775 Constantinopolitano
751 5709 815 5752 uno
839 5693 938 5756 verbo
962 5690 1159 5775 significatur
1183 5694 1226 5774 (p.
1245 5685 1379 5769 10116).
