4658 6576
991 442 1211 498 semenare
1862 448 1925 510 235

557 612 781 668 FELIOIANA
1408 615 1646 672 CONCNIANA

269 719 359 783 iuxta
389 741 504 806 corpus
534 719 623 784 beati
652 718 743 784 Petri
765 718 796 782 V
818 718 859 784 id.
885 719 943 785 Iul.
990 716 1068 783 Ces·
1123 720 1211 786 Vid.
1229 721 1288 785 Iul.
1335 720 1483 787 Cessavit
1498 721 1704 807 episcopatus
1722 719 1792 786 dies
1808 718 1923 786 XIIII.

269 825 353 888 savit
376 825 582 910 episcopatus
605 821 675 887 dies
697 822 810 887 XIIII.

311 982 376 1027 xnr.
401 960 516 1042 Sonnn,
541 962 670 1026 natione
692 957 886 1047 Campanus,
911 981 952 1025 ex
977 967 1070 1045 patre
1166 983 1233 1029 xrn.
1257 963 1371 1041 Sonnn,
1395 960 1525 1026 natione
1549 961 1743 1048 Campanus,
1767 983 1810 1027 ex
1833 968 1925 1048 patre

269 1060 466 1145 Concordia,
500 1065 541 1129 de
571 1065 700 1129 civitate
727 1064 863 1146 Fundis,
892 1064 976 1129 sedit
998 1085 1069 1128 ann.
1124 1064 1322 1144 Concordio,
1357 1063 1398 1129 de
1432 1065 1562 1129 civitate
1585 1064 1722 1147 Fundis,
1754 1065 1839 1130 sedit
1873 1087 1925 1131 an.

269 1168 367 1233 VIIII
408 1188 508 1233 mons.
532 1167 579 1232 VI
618 1167 687 1232 dies
717 1167 809 1233 XXI.
874 1169 950 1233 Fuit
987 1174 1069 1231 tem·
1123 1169 1205 1233 VIII
1230 1189 1331 1234 mens.
1348 1168 1379 1233 II
1404 1168 1580 1234 diesXXI.
1626 1169 1702 1234 Fuit
1725 1168 1924 1255 temporibus

269 1272 402 1357 poribus
419 1271 543 1353 Severi,
560 1292 580 1335 a
597 1272 764 1336 consolatu
780 1271 902 1336 Rustici
919 1271 1069 1355 etAqui-
1124 1272 1252 1354 Severi,
1291 1293 1311 1336 a
1348 1273 1515 1337 consolatu
1551 1272 1674 1339 Rustici
1714 1279 1747 1337 et
1781 1272 1924 1358 Aquilini

271 1375 325 1439 lini
348 1396 450 1461 usque
476 1375 518 1439 ad
541 1372 667 1460 Cetego
692 1382 726 1440 et
749 1375 856 1440 Claro.
906 1375 970 1439 Ilic
994 1395 1069 1438 con·
1124 1397 1226 1463 usque
1249 1375 1292 1440 ad
1309 1375 1435 1460 Cetego
1458 1383 1492 1439 ct
1509 1374 1615 1441 Claro.
1662 1376 1725 1440 Hie
1748 1376 1923 1452 constituit,

269 1480 387 1560 stItuit,
417 1485 453 1542 ut
475 1480 580 1543 nullus
614 1480 791 1543 monachus
825 1480 912 1566 palla
943 1484 1070 1543 sacrata
1124 1487 1159 1545 ut
1192 1481 1298 1545 nullus
1336 1479 1513 1543 monachus
1548 1480 1655 1565 pallea
1687 1486 1814 1545 sacrata
1848 1500 1924 1544 con-

269 1583 464 1667 contingcrit
486 1603 546 1648 nec
561 1584 692 1647 incenso
708 1581 831 1668 ponere
856 1584 939 1647 intra
959 1590 1069 1647 sancta
1125 1586 1265 1670 tingeret
1293 1603 1353 1647 nce
1381 1583 1547 1647 incensum
1582 1590 1719 1669 poneret
1752 1585 1836 1647 intra
1870 1604 1924 1647 ec-

270 1686 418 1751 eeclesia.
464 1686 528 1750 Hic
551 1686 629 1752 iecit
651 1686 870 1751 ordinationes
893 1686 944 1750 III
1124 1688 1264 1752 alesiam.
1310 1685 1374 1750 Hic
1398 1686 1475 1750 iecit
1499 1685 1717 1751 ordinationes
1740 1687 1804 1768 III,

268 1820 328 1885 per
350 1820 450 1864 mens.
475 1797 643 1880 Decemb,

269 1911 377 1997 presb.
394 1911 504 1991 XVII,
529 1911 609 1975 diac.
626 1910 737 1994 VIIII,
761 1912 931 1998 episcopos
948 1932 1006 1996 por
1022 1910 1070 1975 di·
1124 1910 1231 1996 presb.
1255 1908 1399 1992 XVIIII,
1428 1909 1509 1974 diac.
1531 1908 1646 1992 VIIII,
1672 1911 1843 1997 episcopos
1865 1910 1926 1979 XI.

272 2035 366 2079 versa
400 2017 472 2080 loca
495 2014 553 2079 XI.
614 2013 676 2086 Qui
712 2016 858 2101 sepultus
897 2021 947 2078 est
980 2015 1072 2078 iuxta
1124 2013 1186 2088 Qui
1211 2013 1356 2100 sepultus
1384 2020 1433 2078 cst
1465 2014 1555 2078 iuxta
1578 2034 1695 2100 corpus
1722 2013 1812 2080 beati
1834 2014 1925 2079 Petri

270 2139 388 2204 corpus
420 2118 510 2184 beati
543 2116 686 2182 PetriX
719 2119 762 2182 kl.
790 2117 866 2182 Mai.
924 2117 1072 2182 Cessavit
1124 2117 1157 2181 X
1180 2117 1211 2181 k.
1235 2117 1310 2184 Mai.
1356 2115 1505 2182 Cessavit
1535 2117 1742 2204 episcopatus
1770 2118 1840 2183 dies
1863 2118 1923 2183 XI.

270 2222 477 2308 episcopatus
501 2221 570 2286 dies
593 2220 652 2288 XI.

314 2359 726 2440 xnn.FI1.nvnun,natione
750 2358 889 2439 Crocus,
914 2381 956 2424 ox
978 2366 1070 2444 patre
1168 2379 1243 2424 xnn.
1267 2357 1497 2429 Funvnnnnrvs,
1521 2360 1652 2423 natione
1675 2358 1810 2437 Gnaeus,
1832 2366 1926 2445 patre

269 2463 425 2546 Abunde,
458 2462 499 2528 de
531 2463 650 2549 oppido
681 2461 846 2547 Nicopoli.
884 2463 968 2527 sedit
998 2484 1070 2527 ann.
1124 2460 1294 2542 Abundio,
1329 2460 1369 2524 dc
1401 2461 1499 2548 opido
1528 2462 1721 2549 Nicopoliri,
1756 2463 1841 2528 sedit
1874 2484 1926 2527 an.

270 2565 334 2630 XV
357 2587 458 2631 mens.
483 2568 534 2632 III
568 2567 637 2632 dles
660 2567 703 2631 II.
763 2566 839 2630 Fuit
872 2565 1072 2651 temporibus
1125 2567 1188 2631 XV
1221 2586 1322 2630 mens.
1347 2564 1397 2628 III
1431 2565 1501 2630 dies
1524 2566 1567 2631 II.
1622 2566 1698 2633 Fuit
1726 2566 1926 2653 temporibus

270 2670 424 2735 Antonini
462 2677 495 2736 et
524 2670 692 2736 Commodi
721 2692 823 2757 usquc
854 2669 895 2735 ad
930 2670 1070 2735 Paterno
1125 2669 1256 2735 Antonii
1296 2676 1329 2735 et
1358 2668 1528 2735 Commodi
1566 2693 1667 2758 usque
1706 2671 1748 2736 ad
1786 2671 1927 2736 Paterno

273 2782 306 2838 ct
333 2774 474 2842 Bradua.
529 2775 592 2841 Hic
616 2774 742 2860 acecpit
766 2774 904 2860 epistula
928 2794 946 2836 a
969 2773 1070 2838 Lucio
1125 2774 1314 2839 etBradua.
1359 2773 1423 2838 Hic
1446 2776 1572 2861 accepit
1594 2776 1765 2863 epistolam
1789 2773 1926 2839 aLucio

269 2878 428 2943 Brittanio
466 2899 561 2964 roge,
599 2886 634 2942 ut
670 2879 860 2943 christianus
891 2877 1073 2942 efficeretur
1124 2876 1269 2943 Britonio
1300 2898 1351 2957 rc,
1382 2885 1417 2941 ut
1449 2878 1639 2943 christianus
1663 2880 1846 2944 efficeretur
1867 2899 1927 2964 per

271 3003 329 3069 per
352 2983 420 3046 eius
443 2981 640 3049 mandatum.
691 2981 733 3046 Et
756 2982 817 3046 boc
840 2982 1014 3057 contenuit,
1038 2989 1073 3045 ut
1125 2983 1193 3046 eius
1226 2980 1422 3047 mandatum.
1478 2982 1521 3046 Et
1548 2983 1727 3063 constituit,
1756 2989 1792 3046 nt
1819 2981 1924 3045 nullus

273 3087 377 3151 nullus
411 3085 635 3171 repudiaretur
669 3107 687 3149 a
720 3084 899 3149 christianis
931 3086 1071 3150 maxime
1124 3086 1265 3150 cassules
1294 3085 1518 3172 repudiaretur
1540 3108 1560 3151 a
1583 3087 1761 3152 christianis
1784 3086 1924 3149 maxime

271 3191 420 3256 fidelibus
443 3209 505 3274 que
529 3187 608 3253 deus
625 3189 755 3272 creavit,
779 3191 831 3275 qui
848 3195 957 3253 tamen
974 3189 1070 3252 ratio·
1123 3189 1286 3270 fidelibus,
1320 3189 1406 3275 quod
1441 3188 1520 3254 deus
1550 3190 1686 3271 creavit,
1721 3210 1783 3275 que
1814 3200 1923 3252 tamen

272 3295 361 3359 nalos
384 3299 466 3357 sunt.
512 3290 576 3356 IIie
600 3291 676 3356 iecit
700 3291 918 3356 ordinationes
941 3292 991 3356 III
1124 3292 1265 3356 rationes
1288 3301 1371 3357 sunt.
1416 3292 1478 3357 Hic
1501 3293 1579 3357 iecit
1602 3291 1820 3358 ordinationes
1843 3291 1904 3373 III,

270 3435 330 3501 por
352 3434 453 3480 mens.
477 3411 645 3492 Decemb,

268 3535 376 3621 presb.
387 3533 464 3615 XII,
482 3532 563 3598 diac.
573 3532 665 3614 VIII,
684 3533 853 3619 episcopos
870 3552 928 3618 per
944 3531 1071 3597 diversa
1123 3533 1229 3617 presb.
1246 3532 1323 3613 XII,
1341 3533 1422 3598 diac.
1438 3533 1531 3613 VIII,
1554 3533 1724 3619 episcopos
1740 3531 1814 3597 XV.
1861 3532 1921 3595 Se-

270 3638 341 3703 Ioca
364 3636 438 3702 XV.
492 3636 556 3710 Qui
583 3636 727 3722 sepultus
758 3644 808 3700 cst
836 3637 927 3700 iuxta
955 3656 1071 3721 eorpus
1124 3636 1294 3720 pultusque
1312 3649 1361 3700 cst
1376 3638 1467 3701 iuxta
1482 3658 1597 3722 eorpus
1615 3637 1702 3701 beati
1718 3634 1808 3700 Pctri
1821 3634 1922 3699 VIIII

270 3742 358 3806 beati
381 3740 471 3805 Petri
487 3739 570 3804 VIII
594 3739 637 3805 kl.
655 3739 724 3804 Iun.
771 3738 920 3804 Cessavit
944 3740 1069 3826 episoo-
1124 3737 1154 3803 k.
1179 3737 1248 3803 lun.
1295 3739 1441 3804 Cessavit
1465 3740 1669 3826 episcopatus
1693 3737 1762 3802 dies
1786 3736 1875 3802 XVI.

269 3852 364 3931 patus
388 3843 458 3908 dies
480 3841 572 3907 XVI.

312 3984 364 4028 xv.
388 3962 528 4044 Vrcnon,
552 3964 682 4028 natione
705 3964 801 4046 Aler,
825 3986 868 4030 ox
890 3972 982 4051 patre
1005 3963 1070 4028 Fe·
1174 3984 1225 4030 xv.
1249 3963 1388 4044 Vrcron,
1426 3963 1556 4027 natione
1596 3960 1691 4044 Afer,
1728 3968 1820 4048 patre
1858 3960 1923 4024 Fe·

268 4068 345 4148 licc,
369 4066 454 4132 sedit
481 4087 553 4131 ann.
578 4066 609 4130 X
640 4088 740 4133 mens.
765 4067 798 4132 II
826 4068 894 4133 dies
916 4069 958 4133 X.
996 4067 1072 4132 Fuit
1123 4068 1194 4148 lice,
1218 4067 1303 4132 sedit
1325 4088 1376 4132 an.
1392 4065 1456 4129 XV
1479 4086 1580 4130 mons.
1600 4064 1651 4129 III
1675 4063 1745 4130 dics
1761 4063 1801 4128 X.
1849 4063 1924 4128 Fuit

271 4171 471 4256 temporibus
509 4166 658 4235 Caesaris
696 4172 863 4236 consolatu
901 4171 1070 4237 Commodi
1124 4171 1322 4257 temporibus
1336 4167 1463 4234 Cesaris
1480 4169 1617 4254 Augusti
1633 4189 1654 4232 a
1672 4166 1841 4233 Commodi
1859 4167 1922 4232 duo

270 4273 413 4339 sccundo
445 4281 479 4339 et
503 4271 680 4338 Glabrione
710 4295 811 4360 usqne
844 4274 885 4340 ad
908 4275 1070 4340 Laterano
1124 4281 1157 4338 et
1179 4273 1341 4337 Gravione
1365 4294 1466 4360 usque
1490 4272 1531 4338 ad
1554 4271 1718 4336 Laterone
1743 4282 1777 4335 et
1793 4270 1920 4338 Rufino.

271 4384 304 4441 ct
326 4376 454 4442 Rufino.
509 4376 572 4442 Hie
602 4378 776 4458 constituit,
800 4386 835 4442 ut
868 4378 989 4464 pascha
1018 4378 1070 4444 die
1096 4456 1098 4463 Ι
1125 4376 1186 4441 llic
1209 4379 1383 4458 constituit,
1406 4384 1440 4441 ut
1463 4377 1584 4462 pascha
1607 4375 1659 4440 dio
1682 4375 1843 4440 dominico
1868 4396 1921 4440 ce-

272 4479 432 4545 dominico
472 4481 708 4563 celebraretur,
743 4481 826 4546 sicut
862 4482 949 4549 Pius.
1009 4481 1071 4547 Hic
1124 4481 1318 4562 lebrarctur,
1349 4482 1431 4546 sicut
1463 4487 1496 4545 et
1525 4479 1668 4546 Eleuter.
1740 4478 1803 4544 IIie
1847 4479 1923 4544 feeit

272 4584 349 4648 fecit
372 4593 547 4670 sequentes
568 4584 681 4651 eleros.
721 4584 875 4671 Martyria
891 4592 1070 4651 coronatur.
1123 4592 1297 4671 soquentes
1320 4586 1433 4649 clerus.
1474 4584 1629 4669 Martyria
1653 4590 1834 4650 coronatur.
1881 4582 1921 4646 ΙΙΙ

272 4687 461 4769 Constituit,
485 4695 520 4753 ut
543 4691 737 4754 necessitate
762 4690 918 4769 faciente,
941 4689 995 4753 ubi
1023 4689 1070 4752 in·
1124 4688 1304 4769 constituit,
1328 4695 1363 4751 ut
1385 4688 1578 4752 necessitate
1603 4688 1759 4763 iaciente,
1789 4686 1843 4751 ubi
1875 4686 1922 4749 in-

273 4799 386 4856 ventus
410 4792 533 4867 inisset,
557 4794 625 4857 sivo
648 4794 680 4857 in
695 4794 826 4857 {lumino
850 4795 919 4857 sive
943 4794 973 4856 in
992 4793 1071 4856 mari
1125 4798 1256 4856 ventum
1292 4791 1417 4870 inisset,
1457 4791 1525 4854 sive
1559 4791 1591 4854 in
1624 4791 1754 4855 {lumino
1787 4790 1854 4853 sive
1893 4789 1923 4852 in

271 4895 339 4960 sivo
362 4896 395 4960 in
418 4896 540 4961 sontem
1124 4894 1205 4959 mari
1228 4895 1296 4958 sive
1319 4894 1350 4957 in
1374 4893 1474 4974 sonte,

271 5022 329 5080 aut
350 5017 383 5080 in
405 5023 565 5102 stagnum,

272 5144 397 5201 tantum
412 5138 586 5203 christiano
603 5136 804 5201 confessione
822 5136 986 5202 declarata
1002 5157 1071 5201 erc·
1126 5142 1250 5200 tantum
1288 5135 1459 5199 christiano
1497 5156 1538 5199 nc
1579 5133 1745 5198 declarata
1783 5132 1922 5197 creduli-

273 5238 426 5306 dulitatcs
1125 5245 1226 5304 tatem

273 5361 409 5427 efficerit
430 5362 558 5447 integer
580 5361 771 5427 christianus

273 5485 466 5571 quicumque
489 5482 654 5548 hominum
679 5501 721 5547 ex
743 5481 867 5568 gentile
883 5480 1017 5546 veniens
1037 5484 1074 5544 ut
1126 5498 1349 5566 quaecumque
1379 5477 1544 5542 hominum
1573 5497 1615 5541 en
1644 5479 1766 5562 gentile
1794 5479 1925 5542 veniens

273 5587 501 5675 baptizaretur.
544 5584 589 5651 Et
611 5584 690 5651 iecit
711 5584 882 5651 concilium
1126 5581 1322 5671 baptizetur.
1362 5580 1408 5647 ΕΙ
1429 5582 1508 5647 iecit
1529 5582 1664 5647 coneilio

273 5714 308 5773 et
329 5706 541 5793 interrogatio
564 5706 653 5771 iacta
674 5710 726 5773 ent

1668 5812 1723 5869 ωθ
