4658 6576
934 417 1219 475 PROLEGOIOENA.
1845 418 1908 474 XLI

354 591 519 657 Latsrouli
542 592 576 657 hi
600 591 664 656 duo
687 591 881 658 Liberianus
905 599 939 657 st
960 592 1066 658 Index
1088 614 1153 659 non
1175 595 1279 659 solum
1303 614 1346 658 ex
1369 593 1485 659 eadem
1507 593 1617 658 radios
1641 601 1825 677 creverunt,
1849 593 1908 659 sed

249 695 350 760 etiam
383 696 508 760 numeri
538 698 696 762 mensium
725 696 931 784 dierumque,
959 718 1040 784 quos
1071 699 1104 762 in
1135 703 1229 784 parte
1260 698 1365 784 prima
1399 718 1418 761 a
1451 697 1592 782 catalogi
1626 703 1713 762 statu
1746 698 1908 785 primitivo

250 798 370 863 afuisse
393 819 457 864 non
478 799 664 885 ambigitur,
687 800 734 864 ita
763 804 812 883 (ut
842 801 975 886 egregio
1006 801 1153 866 acumine
1186 801 1355 888 perspexit
1384 799 1638 886 Lightfootiu01)
1661 807 1696 866 et
1725 803 1910 889 conspirant

250 909 285 967 et
308 901 474 982 differunt,
502 910 538 967 ut
569 923 703 968 necesse
732 904 773 968 sit
801 911 858 969 aut
886 924 928 969 ex
950 904 1125 970 Liberiauo
1153 905 1187 969 in
1210 903 1356 969 Indieem
1386 924 1443 968 eos
1475 905 1647 970 translatos
1676 926 1747 970 esse
1779 911 1836 969 aut
1866 925 1908 969 ex

251 1004 362 1070 Indice
389 1006 421 1070 in
444 1006 664 1072 Libonianum.
709 1007 749 1072 Id
771 1014 807 1071 ut
833 1009 1056 1093 intellegatur,
1088 1008 1213 1074 subieci
1236 1008 1306 1073 eius
1328 1007 1429 1093 partis
1457 1027 1609 1072 numeros
1631 1015 1800 1095 utrosque,
1828 1030 1909 1096 quos

251 1110 451 1195 comparanti
473 1110 649 1175 tenendum
672 1117 722 1175 est
745 1117 779 1176 et
794 1111 1004 1176 Liberianum
1026 1112 1166 1177 iudicem
1182 1112 1276 1177 unico
1293 1111 1472 1198 exemplari
1494 1118 1656 1176 serratum
1680 1112 1806 1177 duobus
1829 1113 1908 1178 locis

250 1212 336 1277 male
359 1212 450 1277 hiare
473 1214 561 1278 etin
582 1214 702 1279 Indicis
724 1216 966 1303 exemplaribus
989 1215 1087 1280 hodie
1110 1217 1196 1281 notis
1220 1215 1414 1304 quibusdam
1436 1215 1516 1280 loeis
1531 1236 1682 1281 numeros
1697 1217 1744 1281 ita
1767 1216 1908 1299 differre,

251 1321 287 1380 ut
309 1315 475 1404 archetypi
500 1319 677 1383 communis
700 1320 797 1384 lectio
821 1319 919 1384 dubia
942 1321 992 1386 sit.

738 1441 861 1507 Index:
1317 1438 1390 1504 (lat.
1406 1439 1613 1504 Liberianus:

960 1549 977 1598 d
1286 1563 1320 1597 m.
1419 1546 1443 1595 d

736 1564 770 1597 m.
978 1588 984 1599 .

459 1627 576 1693 Petrus
701 1629 736 1696 11
900 1630 953 1697 111
1263 1631 1280 1694 Ι
1368 1629 1470 1694 VHH
1491 1629 1608 1693 Petrus

458 1732 558 1797 Linus
702 1734 752 1799 111
903 1737 970 1802 XII
1265 1734 1336 1798 ΙΙΙΙ
1370 1733 1439 1798 XII
1493 1732 1594 1797 Linus

459 1837 571 1902 Oletus
702 1840 717 1904 I
903 1841 936 1906 II
961 1840 1057 1927 (XII)
1267 1839 1301 1904 11
1370 1838 1403 1903 X
1495 1838 1607 1903 Oletus

461 1940 613 2006 Clemens
704 1943 738 2006 Il
762 1943 808 2028 (I)
904 1944 937 2008 X
1265 1943 1316 2007 XI
1370 1942 1438 2007 XII
1494 1941 1646 2006 Clemens

1267 2046 1300 2111 X
1370 2045 1423 2111 HI
1494 2043 1673 2109 Auacletus

458 2147 628 2214 Euaristus
705 2150 738 2215 X
905 2151 939 2215 ΙΙ
1271 2148 1337 2214 VH
1372 2149 1407 2213 II
1494 2147 1662 2213 Iluaristus

460 2251 650 2319 Alexander
704 2254 770 2319 VII
903 2254 938 2319 H
1267 2254 1303 2319 Π
1369 2253 1385 2317 Ι
1495 2251 1685 2317 Alexander

461 2356 584 2442 Xystus
705 2358 739 2423 Il
907 2359 923 2423 I
1268 2358 1321 2422 111
1373 2357 1456 2422 XXI
1496 2356 1618 2442 Xystus

461 2459 680 2548 Telesphorus
706 2462 758 2526 III
780 2462 825 2547 (Ι)
905 2464 988 2527 XXI
1269 2462 1322 2526 111
1372 2461 1423 2525 III
1496 2458 1716 2544 Telesphorus

460 2562 610 2650 Hyginus
706 2564 757 2630 111
905 2566 974 2631 ΙΙΙΙ
998 2567 1039 2650 (Ι)
1269 2564 1321 2630 ΙΠ
1371 2563 1420 2627 VI
1494 2563 1645 2650 Hyginus

462 2666 539 2730 Pius
705 2670 773 2734 ΙΙΠ
789 2671 879 2754 (orn.)
907 2670 955 2733 lll
980 2670 1059 2757 (XI)
1266 2668 1335 2733 IIII
1368 2667 1452 2733 XXI
1493 2669 1571 2733 Pius

462 2771 616 2837 Anicetus
705 2774 776 2838 IIII
905 2775 956 2840 111
1270 2822 1445 2840 ......
1496 2771 1651 2836 Anicetus

462 2873 559 2939 Soter
702 2878 838 2965 11(V1)
905 2879 988 2943 XXI
1268 2925 1442 2943 ......
1494 2875 1589 2941 Soter

460 2977 617 3046 Eleuther
705 2983 755 3047 III
905 2984 940 3048 II
1271 2981 1323 3046 111
1374 2980 1408 3045 ΙΙ
1496 2979 1655 3045 Hlsuther

463 3081 576 3148 Victor
704 3086 755 3151 III
905 3087 937 3151 X
1269 3084 1302 3147 II
1371 3085 1404 3149 X
1496 3084 1609 3150 Victor

359 3185 489 3250 Menses
518 3187 651 3274 diesque
679 3211 752 3255 cum
780 3198 846 3256 tam
879 3213 938 3278 per
965 3197 1118 3278 quattuor
1149 3191 1271 3277 primos
1300 3190 1470 3277 episcopos
1501 3211 1597 3277 quam
1627 3189 1763 3253 fortasse
1793 3185 1867 3251 inde
1896 3207 1916 3250 a

257 3287 386 3370 Sotere,
418 3295 506 3354 certo
531 3292 572 3355 ab
595 3291 774 3359 Eleuthero
802 3295 849 3359 ita
878 3295 1092 3377 concordent,
1123 3299 1160 3358 ut
1191 3293 1353 3357 contraria
1381 3292 1423 3356 ad
1451 3291 1654 3357 librariorum
1678 3312 1804 3357 errores
1827 3296 1915 3356 recte

256 3392 446 3474 referantur,
471 3416 530 3479 por
545 3396 750 3481 episcopatus
767 3398 976 3484 interpositos
999 3399 1045 3462 ita
1069 3397 1232 3477 differunt,
1256 3402 1292 3460 ut
1315 3417 1467 3460 numeros
1489 3396 1522 3460 in
1537 3395 1648 3460 Indice
1672 3395 1715 3460 ad
1729 3394 1916 3459 Huaristum

256 3494 435 3582 adscriptos
458 3498 650 3565 Liberiauus
673 3502 795 3566 referat
817 3502 858 3566 ad
879 3503 1073 3567 Auacletum
1097 3507 1130 3565 et
1153 3501 1199 3565 sic
1221 3500 1376 3587 deinceps
1400 3506 1488 3565 certe
1511 3499 1552 3563 ad
1576 3498 1753 3584 Hyginum,
1777 3499 1914 3564 fortasse

256 3598 299 3662 ad
328 3598 485 3665 Soterem.
539 3602 618 3668 Ilius
652 3606 768 3670 erroris
801 3607 890 3692 origo
923 3606 1051 3671 omnino
1079 3604 1154 3670 inde
1182 3603 1362 3691 repetenda
1392 3604 1489 3685 esti),
1517 3603 1604 3689 quod
1634 3602 1811 3667 Auacletus
1830 3603 1914 3668 Cleti

257 3705 416 3788 gemellus
439 3711 472 3769 et
495 3707 667 3793 antiquiori
683 3709 785 3774 ordini
809 3712 841 3774 in
858 3713 1007 3795 catalogo
1022 3710 1198 3774 Liberiauo
1215 3710 1300 3773 male
1323 3710 1462 3773 insertus
1482 3708 1526 3772 ihi
1543 3707 1584 3770 ad
1601 3728 1636 3772 se
1660 3707 1758 3770 traxit
1774 3706 1914 3771 Euaristi

257 3827 385 3871 menses
408 3808 541 3895 diesque
565 3817 599 3875 et
621 3812 666 3877 sic
689 3812 851 3898 deinceps.
893 3813 964 3888 Quo
995 3814 1092 3879 modo
1116 3812 1308 3877 Liberiauus
1333 3833 1476 3877 errorem
1505 3816 1641 3875 eatenus
1669 3810 1846 3890 sanaverit,
1880 3817 1915 3874 ut

258 3910 395 3975 fortasse
423 3934 443 3976 a
472 3911 603 3997 Sotere,
638 3923 727 3980 certo
755 3916 927 3981 aVictore
958 3918 1083 3982 numeri
1112 3937 1219 3981 rursus
1250 3917 1458 3997 conveniant,
1488 3914 1612 3980 definiri
1640 3913 1751 4000 nequit
1781 3920 1915 4000 propter

258 4020 376 4078 statum
399 4036 463 4102 quo
487 4038 561 4082 eum
589 4020 772 4105 accepimus
799 4041 948 4085 mancum
971 4027 1005 4085 st
1027 4025 1221 4105 corruptum.
1267 4019 1341 4084 Hoc
1365 4025 1502 4106 apparet
1524 4018 1669 4083 Indieem
1691 4017 1753 4081 boc
1775 4018 1847 4081 loco
1871 4016 1914 4081 ad

258 4117 394 4182 formam
423 4120 616 4204 primitivam
638 4124 769 4210 propius
793 4124 949 4189 accedere
975 4146 1071 4210 quam
1094 4124 1317 4204 Liberianum,
1347 4124 1381 4189 id
1409 4123 1495 4209 quod
1518 4123 1589 4187 aliis
1611 4121 1810 4207 argumentis
1832 4121 1915 4185 infra

259 4223 507 4290 confirmabitur.
549 4227 688 4293 Omnino
711 4249 730 4291 a
753 4230 914 4293 communi
938 4230 1115 4315 archetypo
1140 4235 1287 4316 tempore
1311 4228 1508 4314 procedente
1533 4227 1596 4291 duo
1619 4226 1766 4291 laterculi
1788 4225 1809 4289 ii
1834 4245 1915 4310 quos

258 4325 416 4391 hahemus
439 4328 484 4392 ita
500 4330 659 4413 abierunt,
682 4339 717 4396 ut
739 4333 771 4396 iu
787 4333 967 4398 Pontifioali
991 4332 1196 4420 compilando
1221 4356 1279 4419 pro
1304 4332 1438 4397 dirersis
1461 4332 1703 4398 adhiberentur.
1742 4329 1914 4404 Quomodo

259 4436 367 4494 autem
391 4430 527 4498 adhibiti
552 4434 625 4514 sint,
650 4435 715 4499 iam
737 4435 914 4501 videamus.

363 4533 511 4621 Catalogi
534 4536 698 4603 Liberiani
727 4542 895 4627 exemplar
922 4540 1069 4626 scriptori
1092 4539 1164 4604 libri
1188 4540 1387 4605 Pontifioalis
1414 4545 1545 4626 praesto
1578 4538 1676 4602 furiose
1704 4544 1813 4602 nostro
1837 4558 1913 4602 vere

259 4637 353 4701 unico
376 4638 502 4724 plenius
525 4646 558 4704 st
580 4641 782 4707 emendatius
798 4642 872 4708 inde
890 4644 1060 4729 colligitur,
1085 4642 1171 4729 quod
1194 4643 1256 4708 hoo
1271 4644 1328 4707 ubi
1350 4643 1428 4724 hiat,
1453 4642 1574 4707 scilicet
1597 4642 1629 4706 in
1645 4639 1782 4705 Aniceto
1799 4637 1913 4704 Soters

259 4739 436 4805 Eleuthero
467 4742 667 4829 Zephyriuo,
699 4768 783 4833 quae
818 4748 985 4830 deficiunt,
1020 4748 1203 4812 consulatus
1237 4747 1428 4835 praesertim
1465 4767 1507 4811 ex
1535 4746 1617 4810 libro
1645 4745 1825 4809 I’outifioali
1856 4745 1912 4809 ali-

260 4850 418 4930 quatenus
440 4847 550 4911 sarciri
571 4855 755 4935 potuerunt.

361 4946 480 5013 Indicis
503 4953 704 5037 exemplaria
726 4975 798 5018 cum
822 4977 919 5040 supra
934 4955 1107 5020 viderimus
1130 4954 1299 5020 discedere
1322 4955 1355 5018 in
1371 4954 1508 5018 familias
1532 4954 1612 5018 duas
1627 4954 1706 5017 locis
1721 4973 1785 5017 nou
1803 4953 1914 5039 paucis

261 5050 463 5134 differentes,
490 5055 655 5141 utriusque
680 5058 820 5123 familiae
843 5060 968 5124 numeri
992 5058 1201 5144 comparandi
1223 5064 1298 5123 sunt
1320 5079 1392 5123 oum
1416 5057 1557 5123 numeris
1580 5078 1660 5143 quos
1684 5056 1814 5121 tradunt
1836 5057 1913 5120 item

261 5154 386 5220 diverse
410 5157 539 5222 codices
561 5159 634 5225 libri
656 5163 858 5247 pontificalis.

366 5335 387 5403 ¹)
414 5341 443 5390 1.
459 5356 483 5391 o.
505 5358 530 5407 p.
548 5338 607 5392 267.
713 5337 736 5404 ¹)
764 5339 939 5405 Lightl'ootius
959 5355 1066 5390 oausam
1089 5338 1182 5388 erroris
1204 5337 1264 5387 indo
1285 5338 1388 5404 repetit,
1410 5337 1479 5402 quod
1503 5335 1613 5396 hiatum,
1637 5352 1688 5400 quo
1711 5343 1770 5385 ants
1786 5334 1914 5384 Victorem

260 5425 389 5476 Liberiani
411 5427 542 5493 exemplar
563 5429 632 5492 quod
654 5429 780 5479 habemus
804 5427 915 5488 loborat,
939 5427 1054 5477 adfuisse
1077 5433 1164 5476 censet
1186 5424 1237 5474 ism
1261 5424 1289 5474 iu
1313 5440 1343 5474 eo
1365 5424 1433 5489 quod
1457 5422 1577 5474 adhibuit
1598 5422 1642 5486 qui
1663 5422 1772 5472 Indieem
1791 5419 1913 5482 conlooit;

262 5529 360 5563 mensos
378 5513 458 5579 igitur
476 5514 581 5580 diesque
598 5532 649 5564 uon
668 5531 701 5566 ex
714 5514 800 5565 ludios
819 5514 845 5564 in
858 5514 1024 5564 Liberiauum
1043 5512 1183 5562 translatos
1200 5526 1265 5573 esse,
1283 5526 1349 5575 quae
1367 5516 1454 5561 nostra
1472 5510 1557 5576 opinio
1575 5516 1622 5572 est,
1640 5509 1683 5558 sod
1703 5524 1717 5557 e
1735 5507 1863 5558 contrario
1882 5523 1914 5557 ex

260 5600 396 5650 Liberiano
418 5599 446 5649 iu
471 5601 592 5652 IndIoem.
633 5603 668 5652 At
691 5601 803 5652 Indieem
827 5600 871 5665 qui
895 5599 1046 5665 conscripsit
1068 5615 1120 5648 nou
1143 5603 1201 5663 post
1223 5597 1356 5648 saeculum
1379 5597 1510 5661 quintum,
1534 5613 1592 5646 oum
1617 5611 1708 5662 parum
1733 5593 1854 5645 credibile
1877 5599 1916 5643 ost

260 5685 408 5737 adhibuisse
426 5687 558 5738 liberiani
575 5687 685 5755 catalogi
703 5687 834 5753 exemplar
851 5686 979 5737 mutilum.

363 5803 439 5841 amsa
456 5803 632 5843 rosrrrrcsurs
650 5805 667 5842 ι.
1698 5785 1712 5834 f
