4658 6576
944 431 1228 490 Paoasuonartn.
1852 436 1915 494 cn

1113 608 1237 674 Auctor
1270 609 1371 692 ipitur
1403 609 1440 673 in
1463 610 1575 691 priore
1607 608 1775 675 omnutotu
1801 631 1832 675 a.
1853 614 1917 674 311

1172 733 1236 794 pro
1266 713 1475 780 Maximiano
1496 712 1588 781 VIII
1615 714 1780 779 muniuit
1806 714 1918 779 Marri-

1180 817 1304 882 minum
1326 816 1448 896 VIIII,
1477 817 1514 881 in
1529 817 1705 898 posteriore
1727 838 1757 881 a.
1773 820 1837 880 314
1854 838 1918 899 pro

1183 919 1357 987 Volrniauo
1378 926 1408 986 et
1422 921 1577 986 Anniano
1598 941 1658 987 cos.
1676 921 1763 985 dedit
1777 920 1916 986 Manen-

1181 1025 1263 1090 tium
1290 1026 1342 1104 II,
1369 1025 1427 1107 qui
1457 1023 1642 1090 amentatus
1669 1045 1733 1089 uon
1760 1023 1918 1107 tepitimus

1181 1128 1269 1192 codd
1300 1130 1337 1194 in
1366 1149 1397 1193 a.
1418 1131 1500 1208 309;
1534 1129 1738 1194 diasoermsta
1766 1133 1917 1209 corrupta

1179 1231 1257 1296 baec
1296 1233 1448 1314 quomodo
1485 1234 1592 1300 derina
1628 1232 1821 1315 corruperit,
1858 1251 1916 1314 ap-

1174 1341 1281 1417 paret.

365 1453 449 1517 Item
474 1472 558 1539 quaa
585 1472 625 1518 ex
648 1453 728 1518 actis
751 1453 876 1518 concilii
898 1453 1053 1519 Laterani
1075 1454 1255 1544 adsumpsit
1279 1463 1401 1539 auctor,
1426 1456 1552 1523 duobus
1573 1456 1667 1522 locis:

422 1559 491 1638 179,
507 1581 533 1622 n
554 1554 658 1643 iuxta]
682 1557 799 1621 iustam
822 1562 895 1622 acta

420 1664 489 1740 181,
507 1686 519 1726 s
541 1661 588 1746 ut]
610 1661 657 1725 uti
679 1666 754 1724 octa

263 1763 399 1829 mendas
421 1764 544 1831 habent
564 1765 606 1829 ab
631 1771 762 1829 auctore
786 1766 859 1830 libri
881 1766 1073 1852 pontificalis
1095 1768 1294 1833 commissas.
1324 1766 1450 1832 'Etiam
1476 1788 1602 1833 errores
1625 1769 1719 1848 tales,
1743 1769 1846 1854 qualis
1869 1776 1919 1834 est

264 1871 345 1950 22‚s
366 1867 450 1934 clare
472 1889 530 1955 pro
553 1868 651 1935 claret
672 1872 726 1936 vel
748 1869 875 1949 aaran,
898 1871 1073 1937 verisimile
1096 1879 1146 1937 est
1168 1871 1311 1938 adfuisse
1333 1873 1366 1937 in
1389 1874 1460 1960 ipso
1486 1873 1626 1938 auctoris
1650 1872 1838 1958 archetypo.

366 1971 631 2039 Perturbationes
654 1994 783 2060 quoque
807 1976 990 2061 complures
1013 1976 1215 2042 adscendunt
1237 1975 1280 2041 ad
1302 1976 1376 2041 libri
1398 1982 1578 2042 auctorem:

460 2082 491 2158 4,
507 2101 520 2142 a
542 2078 687 2163 sepultus
710 2083 762 2143 est
783 2078 836 2144 ria
857 2077 992 2145 Aurelia
1016 2128 1125 2146 .....
1148 2081 1241 2145 iuxta
1257 2081 1454 2146 territorium
1472 2079 1702 2166 triumphalem
1716 2080 1769 2144 ria
1785 2079 1919 2144 Aurelia

518 2181 579 2262 (sie
600 2200 660 2246 rec.
676 2181 780 2262 prior,
802 2182 840 2246 in
854 2183 1028 2262 posteriore
1050 2183 1104 2248 uia
1126 2183 1248 2248 aurelia
1270 2182 1369 2247 attero
1394 2181 1458 2248 loco
1480 2182 1642 2248 sublatum
1663 2187 1736 2265 est).

417 2283 653 2364 Ordinationes,
680 2290 718 2350 ut
744 2307 845 2368 supra
866 2294 910 2370 φ.
925 2286 1041 2367 XXV)
1062 2287 1187 2365 monui,
1213 2287 1340 2368 passim
1361 2287 1500 2352 nraainre
1522 2286 1670 2353 inlibris
1700 2287 1827 2368 optimis
1848 2288 1919 2368 qui

521 2387 638 2470 busque
660 2389 869 2454 inueniuntur
889 2410 955 2455 non
976 2410 1010 2455 eo
1033 2389 1112 2467 boo,
1134 2410 1196 2473 quo
1225 2395 1384 2455 auctorem
1409 2394 1502 2471 patet
1529 2411 1584 2456 eas
1605 2390 1756 2456 collocare
1776 2389 1919 2469 votuisse,

519 2490 638 2557 scitica
659 2494 806 2574 proxime
834 2494 1013 2559 amodum
1035 2496 1162 2572 mortis·
1188 2495 1283 2560 immo
1311 2495 1348 2559 in
1379 2494 1570 2576 quibusdam
1591 2496 1666 2560 uitis
1687 2493 1745 2577 (V.
1767 2495 1828 2560 IX
1847 2497 1920 2579 oet.)

519 2596 717 2678 sepulturam
738 2604 916 2679 sequuntur
937 2599 974 2664 iu
996 2599 1132 2664 editione
1152 2604 1299 2680 utraque,
1321 2599 1359 2663 in
1380 2597 1457 2663 aliis
1481 2599 1525 2681 (I.
1548 2597 1623 2664 XV.
1649 2595 1759 2664 XVII
1776 2601 1847 2678 cet.)
1870 2599 1919 2663 di

520 2701 619 2766 verns
651 2700 728 2766 brois
760 2702 928 2768 collocatae
960 2703 1168 2769 inueniuntur
1205 2704 1242 2768 in
1277 2703 1511 2768 recensionrbus
1543 2703 1684 2780 duabus·
1716 2703 1851 2785 denique
1884 2703 1921 2768 iu

521 2802 671 2871 Sibrestro
696 2806 744 2872 bis
765 2805 913 2889 tepmrtur
935 2807 1063 2872 totidem
1083 2807 1186 2872 cubis
1208 2810 1287 2885 52‚s
1310 2838 1350 2861 =
1376 2810 1455 2888 72,1
1482 2807 1520 2871 in
1545 2807 1680 2872 editione
1708 2812 1854 2887 utraque.

422 2908 669 2975 ordinationum
690 2930 838 2976 uumems
861 2911 1095 2994 restrinpendos
1122 2931 1187 2976 esse
1219 2911 1264 2975 ad
1285 2911 1485 2995 presbyteros
1505 2916 1536 2975 et
1557 2910 1707 2975 ducatus
1728 2930 1828 2991 neque
1846 2930 1918 2990 per-

521 3014 628 3079 venire
649 3014 694 3080 ad
715 3014 874 3098 episcopos
896 3014 1061 3080 declarant
1081 3015 1165 3080 uitae
1186 3013 1331 3081 &loestri
1346 3036 1382 3096 p.
1399 3013 1477 3093 aar
1496 3016 1599 3097 (etp.
1617 3014 1726 3098 72‚1):
1758 3014 1811 3078 hic
1835 3012 1920 3078 ordi-

522 3118 672 3208 nationes
704 3118 969 3205 presbyterorum
1000 3125 1034 3184 et
1062 3118 1270 3184 diaconorum
1297 3120 1376 3185 facit
1396 3118 1447 3184 VI
1550 3120 1583 3183 in
1605 3118 1686 3183 urbe
1709 3118 1826 3198 Roma,
1851 3118 1920 3203 epi·

524 3242 640 3309 scopos
663 3243 723 3309 per
745 3223 873 3289 diversa
894 3225 968 3288 loca
983 3222 1087 3299 LXV;
1110 3222 1214 3306 Serpit
1228 3223 1252 3288 I
1263 3245 1301 3305 p.
1316 3225 1389 3302 216,
1405 3241 1434 3287 a:
1455 3223 1507 3287 hio
1527 3222 1687 3287 ordinavit
1701 3243 1761 3308 per
1776 3220 1921 3286 diversas

523 3327 704 3411 provincias
720 3328 889 3415 episcopos
904 3327 1047 3401 xov11;
1071 3327 1149 3392 iecit
1164 3334 1273 3393 autem
1290 3333 1324 3392 at
1343 3326 1562 3392 ordinationes
1578 3326 1612 3391 II
1628 3347 1688 3413 per
1706 3347 1808 3391 mens.
1824 3326 1919 3390 Mart.

521 3431 719 3517 presbiteros
739 3431 870 3514 XVIII,
899 3431 1051 3498 diaconas
1073 3431 1140 3508 ΙΠ;
1171 3431 1331 3497 lobannis
1354 3430 1405 3496 VI
1419 3452 1453 3512 p.
1468 3433 1542 3509 218,
1559 3450 1586 3494 r:
1614 3431 1667 3494 hic
1690 3430 1768 3495 fecit
1791 3427 1920 3494 ordina-

522 3535 644 3600 tionem
676 3535 930 3622 presbiterorum
963 3555 1023 3601 seu
1050 3533 1259 3600 diaconorum
1281 3534 1314 3613 Ι,
1349 3533 1383 3599 id
1412 3540 1463 3599 est
1484 3533 1683 3621 presbiteros
1702 3532 1813 3614 VIIII,
1850 3531 1919 3596 dia-

523 3638 692 3714 conas113
716 3639 793 3705 iecit
815 3645 925 3704 autem
949 3644 983 3704 et
1004 3659 1064 3726 per
1086 3638 1215 3704 diversa
1236 3640 1310 3704 loca
1326 3639 1498 3725 episcopos
1521 3657 1656 3702 numero
1672 3636 1747 3718 XV,
1770 3642 1799 3701 et
1822 3635 1922 3701 tertius

522 3743 559 3808 id
579 3743 749 3825 explicarit
771 3743 981 3809 Haruaolcius
1002 3745 1039 3808 in
1053 3743 1276 3809 commentario
1289 3763 1390 3824 supra
1399 3764 1436 3824 p.
1452 3742 1521 3807 XX
1527 3741 1577 3806 VI
1596 3742 1701 3806 citato.
1750 3740 1922 3806 Observant

523 3867 592 3911 eam
621 3845 714 3928 lepem
741 3847 933 3912 recensionis
948 3847 1072 3928 prioris
1092 3846 1266 3928 reliquium
1296 3866 1373 3911 uam
1393 3866 1589 3927 quamquam
1612 3844 1833 3909 ordinationes
1856 3849 1922 3909 tres

525 3950 619 4016 Petro
642 3951 824 4033 adscriptae
838 3952 1003 4033 pertirrent
1024 3951 1093 4016 sine
1114 3950 1209 4016 dubio
1238 3950 1283 4015 ad
1303 3950 1461 4031 episcopos
1488 3949 1628 4014 urbanos
1653 3948 1773 4013 binum
1799 3947 1922 4014 Utetum

528 4053 713 4120 Clementem
735 4059 765 4120 et
787 4056 913 4120 omuino
928 4075 968 4120 err
982 4053 1224 4138 interpolatione
1237 4055 1370 4119 veniunt
1383 4053 1527 4135 epitornis
1535 4054 1674 4134 propria
1690 4052 1821 4133 (absunt
1841 4057 1923 4117 recte

523 4180 545 4224 a
567 4163 656 4224 textu
669 4158 790 4243 pleno),
807 4164 976 4241 praeterea
997 4164 1027 4225 et
1048 4160 1085 4224 in
1099 4157 1195 4226 Petro
1218 4163 1248 4224 et
1265 4163 1377 4240 postea
1391 4157 1529 4238 episcopi
1550 4155 1597 4221 ibi
1621 4156 1816 4221 collocantur
1831 4157 1922 4222 tertio

526 4262 592 4329 traco
609 4269 685 4345 post
697 4263 892 4348 presbyteros
906 4269 935 4328 et
950 4264 1099 4329 amenas
1120 4263 1177 4341 ita,
1200 4267 1239 4326 ut
1260 4262 1500 4328 ordinationum
1513 4260 1699 4326 vocabulum
1714 4262 1758 4325 ad
1770 4259 1852 4326 solos
1867 4261 1923 4326 tros

526 4367 641 4448 referri
656 4368 768 4448 possit.
818 4366 937 4434 Contra
957 4368 1150 4434 recensionis
1170 4367 1328 4433 secundae
1350 4371 1511 4431 auctorem
1532 4364 1616 4428 bauo
1648 4363 1741 4446 tepent
1762 4365 1924 4446 morasse

525 4471 694 4536 ostendunt
715 4473 852 4554 episcopi
874 4473 983 4554 primo
1005 4472 1069 4539 loeo
1083 4472 1186 4554 positi
1208 4477 1283 4537 ante
1298 4470 1497 4554 presbyteros
1518 4474 1547 4534 et
1563 4469 1712 4533 diaconos
1734 4469 1814 4532 etin
1829 4467 1923 4534 Petro

525 4576 576 4659 (I)
597 4580 628 4641 et
650 4576 686 4640 in
704 4575 788 4642 Irino
802 4577 885 4659 (II).
929 4578 973 4643 Iu
994 4576 1146 4642 Anterote
1167 4575 1266 4660 (XX)
1288 4575 1381 4640 verba
1402 4573 1594 4638 recursionis
1609 4573 1751 4653 prioris:
1772 4572 1824 4636 hic
1846 4572 1924 4638 iecit

525 4701 624 4746 unum
655 4681 843 4768 episcopum
865 4687 947 4747 recte
975 4685 1101 4746 somata
1130 4701 1151 4745 a
1177 4679 1214 4745 cl.
1237 4680 1261 4745 I
1286 4679 1403 4760 retrpui
1430 4677 1503 4743 libri
1531 4677 1721 4742 recensionis
1737 4676 1924 4757 posterioris

527 4790 638 4851 contra
660 4784 753 4867 tepent
774 4784 864 4850 illam
891 4786 939 4850 ita
961 4788 1147 4850 mutarunt:
1170 4784 1222 4849 hic
1244 4783 1323 4849 fecit
1346 4781 1582 4847 ordinationem
1604 4801 1711 4862 unam,
1735 4780 1923 4865 episcopum

526 4910 634 4956 unum.

427 4992 584 5058 onmem
611 4994 645 5058 in
666 4993 747 5059 urbe
769 4992 893 5077 Roma,
922 5014 1019 5075 param
1040 4998 1174 5077 apparet
1197 4993 1360 5074 pertinere
1386 4990 1431 5055 ad
1448 4990 1647 5072 presbyteros
1673 4994 1702 5053 et
1724 4989 1872 5052 dioecesos
1894 4991 1924 5050 et

526 5096 642 5178 opponi
663 5095 758 5161 atteri
778 5098 876 5180 (quae
896 5097 1011 5178 incipit
1032 5118 1054 5161 a
1079 5096 1234 5162 Clemente
1259 5101 1288 5174 7,
1305 5096 1345 5178 n)
1367 5114 1427 5181 per
1456 5092 1584 5159 diversa
1609 5094 1682 5157 loca
1704 5092 1859 5173 spectanti
1880 5091 1925 5154 art

528 5202 695 5282 episcopos,
710 5200 845 5285 tepitinne
866 5201 1082 5266 introducitur
1103 5200 1150 5265 rbi
1170 5200 1227 5264 ubi
1247 5200 1392 5280 primum
1413 5199 1622 5262 nominantur
1641 5196 1814 5279 presbyteri
1836 5195 1925 5259 urbis

528 5305 649 5371 Rornae
670 5305 707 5369 iu
732 5304 819 5371 Cleto
834 5326 870 5386 p.
889 5308 918 5383 6,
934 5325 966 5367 a:
998 5305 1051 5370 hic
1085 5325 1128 5369 ex
1155 5309 1334 5391 praecepto
1362 5302 1451 5367 beati
1482 5302 1574 5366 Petri
1596 5300 1694 5365 XXV
1726 5300 1923 5386 presbiteros

527 5409 685 5475 ordinarit
715 5410 748 5474 in
775 5409 856 5474 urbe
878 5410 984 5475 Roma
1011 5414 1040 5474 et
1061 5409 1098 5474 in
1119 5408 1275 5473 Euaristo
1292 5429 1327 5489 p.
1345 5409 1375 5486 9,
1389 5427 1417 5474 r:
1447 5407 1500 5471 hic
1523 5407 1632 5470 titulos
1655 5406 1688 5468 in
1711 5405 1792 5468 urba
1816 5402 1922 5467 Roma

530 5512 643 5578 dividit
665 5512 864 5600 presbyteris
893 5518 928 5578 et
949 5511 1015 5577 VII
1045 5512 1199 5578 diaconos
1227 5510 1396 5576 ordinavit.
1441 5510 1520 5591 Ipsa
1541 5511 1577 5573 in
1599 5508 1786 5572 recursionis
1806 5506 1925 5587 prioris

528 5616 788 5700 munissent
816 5622 943 5682 tantum
971 5617 1134 5682 umanum
1153 5617 1189 5682 in
1213 5615 1399 5700 menardo
1419 5613 1543 5699 (LIII)
1559 5633 1594 5698 p.
1612 5612 1684 5691 125,
1702 5631 1741 5690 n,·
1765 5609 1925 5696 plerisque

529 5717 1925 5810 tocis,abiFettoianoapitonrepraeteraaadnerbumconoenttoumteatu
